3609 5450
926 473 1102 533 -43-

471 677 619 724 summum
642 654 800 740 imperium
822 651 971 720 habuisse.
1007 656 1078 720 Hoc
1097 658 1197 720 autem
1215 655 1287 721 inde
1305 659 1458 744 suspicor,
1473 661 1563 744 qued

471 763 599 848 primum
640 761 799 843 utriusque
843 760 995 823 exereitus
1034 780 1148 844 semper
1179 781 1196 822 a
1226 759 1352 826 Caesare
1384 765 1574 845 Afraniani-

470 864 665 928 nominantur
695 883 803 945 eaque,
840 884 916 945 quae
951 863 1104 926 communi
1140 862 1268 927 consilio
1304 867 1486 947 statuerint,
1524 867 1586 933 ab·

472 966 599 1032 Afranio
631 968 735 1029 effecta
764 987 828 1029 esse
851 971 1053 1030 memorantur
1077 966 1137 1029 vid.
1160 988 1188 1031 v.
1212 988 1238 1031 e.
1261 967 1296 1033 B.
1320 970 1563 1049 C.1.41,46,

474 1075 529 1148 70,
553 1074 603 1136 71.
624 1070 661 1132 ef.
685 1073 743 1146 42,
767 1072 826 1147 43,
852 1073 910 1146 61,
934 1075 984 1134 75.
1020 1070 1156 1147 Deinde,
1178 1092 1270 1154 quum
1295 1073 1328 1137 in
1350 1098 1385 1139 eo
1408 1080 1509 1152 esset,
1528 1082 1564 1141 ut

473 1174 624 1238 exercitus
636 1172 756 1234 Caesari
767 1173 953 1250 traderetur,
964 1175 1066 1259 prodit
1073 1157 1231 1257 Afraniae
1243 1199 1312 1241 cum
1325 1179 1453 1243 Caesare
1466 1179 1566 1244 collo·

475 1278 581 1361 quium
597 1273 755 1339 habiturus
774 1297 808 1338 ae
829 1275 912 1340 filius
929 1279 993 1361 ejus
1013 1277 1099 1342 obses
1119 1275 1240 1342 Cassan
1259 1283 1400 1346 traditur.
1424 1306 1491 1370 cap.
1513 1290 1565 1350 84.

476 1379 570 1443 Porro
594 1379 627 1441 in
651 1375 703 1441 lib.
726 1379 755 1441 3.
775 1381 826 1441 83.
852 1379 890 1440 L.
913 1382 1081 1465 Afranium
1100 1382 1196 1447 solum
1220 1384 1400 1468 proditionis
1423 1389 1566 1470 postulu-

475 1505 507 1549 re
530 1480 661 1547 voluisse
684 1481 792 1544 Attius
815 1481 916 1545 Rufus
939 1484 1069 1562 dicitur,
1093 1487 1221 1551 referens
1245 1509 1295 1565 ea,
1316 1509 1393 1571 quae
1415 1486 1469 1553 ille
1494 1513 1567 1558 cum

474 1586 594 1669 Petrejo
628 1585 662 1647 in
697 1584 846 1669 Hispania
878 1587 1022 1670 gessisset
1056 1594 1087 1651 et
1122 1612 1185 1676 cap.
1214 1596 1255 1655 88
1278 1591 1394 1654 mentio
1417 1593 1455 1656 fit
1479 1595 1567 1681 cepi-

475 1713 557 1753 erum
570 1680 584 1764 ,'
599 1710 675 1771 quae
698 1687 734 1751 ab
753 1688 888 1764 Afranio
912 1689 944 1751 in
968 1690 1124 1755 Graeciam
1148 1696 1344 1760 transductae
1367 1696 1439 1759 sint.

519 1792 639 1862 Quodsi
658 1792 754 1877 igitur
775 1791 847 1854 inde
866 1792 1045 1857 concludere
1065 1794 1170 1874 liceat,
1190 1800 1351 1863 Afranium
1369 1798 1470 1863 solum
1482 1823 1569 1867 sum·
1593 1795 1595 1801 ⁵

474 1918 539 1960 mae
568 1903 612 1960 re‘r'
641 1895 820 1983 praefuisse,
851 1894 938 1959 locus
962 1897 1007 1960 sic
1029 1900 1151 1963 restitui
1174 1909 1291 1987 posset:
1316 1903 1410 1966 “Nea
1432 1926 1484 1984 re,
1508 1929 1569 1972 mea

416 2072 418 2079 Α
474 2000 679 2083 imperatorem
700 2021 788 2062 raam
812 2000 844 2084 (r'.
864 2023 889 2064 e.
911 2003 1092 2087 Afroniam)
1116 2006 1301 2070 aduersariis
1323 2008 1367 2089 ad
1380 2009 1570 2091 supplicium

476 2100 663 2167 dramdamt.''
685 2101 707 2164 J
708 2123 753 2165 am
766 2100 854 2178 illos,
870 2102 922 2186 qui
935 2103 1143 2188 imperatorem
1156 2108 1193 2172 de
1204 2110 1348 2196 Pompejc
1360 2111 1569 2197 explicarent,

475 2207 535 2271 hoc
557 2227 667 2271 nomen
696 2205 731 2267 in
752 2206 887 2290 margine
910 2205 1120 2294 adscripsisse,
1145 2233 1207 2276 nou
1230 2218 1294 2291 est,
1315 2215 1398 2298 quod
1420 2217 1571 2284 miremur

476 2311 645 2391 aliumque,
675 2308 728 2391 qui
761 2308 824 2372 fieri
855 2316 973 2394 posset,
1004 2316 1039 2375 ut
1065 2313 1226 2399 Pompejus
1249 2316 1355 2380 absens
1378 2318 1571 2401 traderetur,

476 2437 537 2479 non
557 2411 779 2496 intelligentem
798 2412 1158 2479 addidisse-“ammom''
1176 2417 1264 2483 nobis
1276 2419 1388 2497 videri,
1395 2419 1407 2502 j
1413 2443 1462 2486 am
1475 2447 1571 2513 snpra

477 2515 729 2605 significavimus.
774 2522 784 2545 ·

522 2622 594 2707 Cap.
619 2624 669 2684 79.
703 2621 831 2681 “Geram
865 2626 931 2682 erat
964 2621 1017 2684 hoe
1046 2643 1177 2705 papaae.
1223 2624 1399 2707 Expeditae
1433 2631 1573 2696 cohortes
1594 2632 1605 2671 '-

380 2807 383 2812 Ι
478 2727 670 2790 nouissimam
692 2746 794 2806 apmm
817 2723 999 2790 claudebant
1018 2728 1179 2812 plareaqae
1202 2729 1235 2792 r'a
1259 2730 1334 2793 loeis
1351 2736 1574 2814 campestribus

477 2826 700 2894 subsistebant?
765 2895 768 2902 .
1169 2859 1181 2888 ·

523 2935 573 2999 Ita
593 2957 709 3030 ,omnes
743 2935 831 3013 Mss.;
864 2933 987 3019 vulgata
1017 2933 1108 2999 habet
1140 2958 1177 3001 er
1208 2936 1366 3001 Ciaceouii
1390 2939 1575 3022 conjectura

479 3036 649 3123 “plariea,''
661 3040 742 3123 quod
763 3038 954 3115 adverbium,
974 3037 1011 3103 ab
1023 3041 1087 3103 aevi
1100 3040 1270 3104 Caesariani
1283 3039 1437 3105 scribendi
1449 3046 1575 3111 ratione

479 3144 627 3218 alienum,
649 3146 773 3204 notatur
796 3164 812 3203 a
836 3143 911 3204 viris
935 3142 1042 3205 doctis.
1073 3142 1151 3205 Iride
1174 3142 1342 3229 complures
1366 3167 1473 3210 eorum
1498 3171 1575 3216 cou-
1614 3187 1615 3202 .

474 3248 625 3329 jecturae,
659 3266 733 3325 quas
768 3242 869 3306 videre
897 3244 971 3305 lieet
1001 3243 1080 3327 apud
1105 3244 1292 3331 Herzogium
1323 3247 1361 3310 ad
1392 3247 1422 3312 h.
1445 3248 1483 3329 l.,
1516 3250 1600 3318 ubi'

480 3370 582 3413 omnes
603 3347 661 3410 rite
685 3345 893 3428 dijudicantur
917 3348 1007 3428 atque
1031 3345 1247 3431 improbantur.

523 3453 594 3537 Ipse
624 3449 796 3534 Herzogius
827 3448 966 3512 emendat
995 3457 1012 3485 ‘⁴
1012 3449 1166 3534 plerisque
1195 3452 1229 3515 ia
1259 3454 1333 3517 loeis
1354 3458 1574 3535 campestribus

479 3553 693 3619 aestimabam.”
727 3553 909 3616 Verum⁴ita
932 3553 1029 3616 oritur
1051 3555 1233 3639 asyndeton,
1256 3558 1338 3641 quod
1357 3559 1437 3644 apud
1458 3560 1574 3629 Caesa·

478 3683 557 3738 rem,
587 3659 648 3722 nisi
670 3658 703 3720 in
727 3656 1004 3721 enumerationibus
1026 3680 1125 3724 rerum
1148 3664 1178 3723 et
1202 3683 1359 3726 causarum
1382 3667 1437 3725 aut
1465 3666 1503 3729 in
1525 3688 1574 3733 re·

391 3812 394 3816 ,
479 3788 546 3830 rum
570 3763 705 3828 celeriter
730 3761 788 3827 sibi
810 3762 1059 3845 subsequentium
1083 3765 1284 3849 expositione,
1306 3787 1369 3827 non
1392 3773 1572 3854 usurpatur.

481 3869 622 3954 Propone
642 3867 668 3952 l)
701 3868 811 3953 igitur:
835 3866 1063 3951 “Plarr'baeqae
1092 3868 1126 3929 r'm
1159 3868 1232 3931 loeta
1262 3870 1573 3950 001010001οὤ0οηιό-

480 3969 652 4036 sistebant.”
693 3970 763 4033 Hoc
792 3970 883 4032 modo
907 3970 1014 4034 melius
1037 3970 1107 4033 fluit
1130 3972 1226 4034 oratio
1249 3976 1279 4035 et
1303 3972 1427 4037 verbum
1448 3976 1572 4039 “cabri-

479 4073 573 4142 stera'
586 4074 751 4159 opponitur
762 4072 957 4156 sequentibus
977 4074 1103 4137 “Facile
1122 4075 1191 4156 ipsa
1209 4075 1572 4164 locimotarapam'eabam

479 4174 676 4265 repellebat;''
707 4176 817 4260 quibus
848 4177 956 4241 annuit
986 4178 1093 4241 Caesar
1123 4182 1189 4242 tum
1212 4202 1288 4266 opus
1311 4202 1374 4243 non
1396 4182 1513 4262 fnisse,
1535 4188 1572 4249 nt

515 4436 539 4493 1)
557 4436 610 4483 Vid.
629 4433 736 4483 Obserat.
754 4434 782 4482 ad
798 4432 838 4482 lib.
857 4434 880 4483 2.
898 4449 950 4499 cap.
968 4433 1007 4482 22.
1024 4434 1075 4483 not.
1091 4432 1122 4491 2,
1140 4436 1163 4482 et
1179 4434 1209 4484 Β.
1226 4435 1256 4483 G.
1275 4436 1298 4485 1.
1316 4438 1356 4487 22.
1384 4440 1500 4491 “Caerar
1515 4458 1573 4493 cuae

481 4515 559 4577 copias
575 4516 602 4563 im
616 4515 748 4578 proximam
766 4515 847 4562 collem
863 4514 984 4572 medear,
1004 4512 1077 4563 aciem
1094 4514 1207 4563 instruit’'
1222 4513 1287 4578 reliq.
