3609 5450
809 512 987 573 ..56-

356 719 429 762 cere.
474 697 560 760 Inter
588 717 665 779 quos
694 716 790 780 nuper
818 695 991 783 Herzogius
1019 716 1046 759 v.
1069 694 1106 757 cl.
1129 694 1310 776 complexum
1335 693 1445 758 defen-

355 801 424 865 dere
454 805 596 876 conrtnr,
626 799 726 863 allatis
757 799 875 864 duobus
906 800 999 876 locis,
1027 818 1103 882 quos
1130 796 1226 860 lector
1249 819 1366 882 aequus
1393 818 1447 861 ex-

354 904 482 990 pendat;
513 904 692 968 sententiam
724 924 791 967 vero
818 902 894 967 mihi
918 902 1094 988 persuadere
1116 923 1178 963 non
1201 902 1313 986 potuit.
1360 900 1448 964 Nam

355 1008 435 1092 apud
462 1008 612 1092 Nepotem
639 1006 743 1091 Epam.
766 1028 791 1069 c.
816 1011 844 1068 9..
868 1010 943 1069 extr.
972 1004 1125 1087 complecti
1147 1003 1270 1067 denotat
1293 1004 1448 1067 braccdiis

355 1111 548 1173 circumdatis
570 1116 669 1172 tenere
691 1113 722 1172 et
744 1109 824 1195 apud
844 1109 985 1172 Tacitum
1009 1111 1083 1194 Agr.
1108 1110 1159 1170 36.
1181 1107 1377 1189 “campieaus
1397 1129 1448 1170 ar-

355 1236 467 1276 morum
495 1235 553 1276 uau
584 1211 776 1275 taleradaut''
800 1212 879 1276 nihil
902 1216 949 1276 est
972 1211 1073 1287 aliud,
1095 1212 1156 1275 nisi
1179 1210 1215 1274 ad
1234 1233 1377 1293 ququam
1400 1234 1448 1274 aa·

354 1318 453 1380 miurus
474 1317 636 1380 ineundam
658 1318 720 1402 apti
743 1339 805 1380 non
828 1319 929 1394 erant,
958 1320 994 1380 ut
1016 1315 1107 1380 habet
1124 1315 1188 1399 jam
1211 1313 1329 1378 Peerlk.
1353 1337 1385 1380 v.
1412 1315 1449 1380 ol.

356 1422 393 1485 ad
416 1421 445 1487 h.
468 1421 488 1484 l.

402 1526 512 1608 Itaque
533 1524 567 1586 in
591 1524 756 1586 “Caesaris
777 1525 959 1607 complessem
980 1521 1110 1602 ueniri,
1126 1524 1153 1587 si
1169 1527 1214 1587 est
1225 1522 1390 1600 Latinum,
1409 1523 1452 1586 si-

357 1629 485 1715 gnificat
507 1631 568 1690 tam
590 1649 682 1712 prope
705 1627 742 1690 ad
766 1627 921 1692 Caesarem
945 1628 1098 1705 accedere,
1121 1631 1156 1691 ut
1173 1629 1204 1691 'is
1223 1625 1344 1690 hostem
1363 1627 1453 1690 com-

358 1731 451 1817 plecti
481 1733 591 1815 posset.
636 1735 680 1794 At
709 1731 860 1813 quomodo
890 1733 960 1815 quis
990 1730 1166 1795 excubando
1193 1730 1313 1793 Caesari
1337 1751 1453 1814 appro-

358 1836 504 1922 pinquare
526 1835 638 1919 possit,
661 1855 724 1897 non
747 1834 841 1918 cupio.
876 1835 985 1917 Neque
1003 1834 1036 1897 id
1054 1832 1185 1897 Bibulus
1206 1831 1319 1919 agebat.
1365 1833 1452 1896 Nam

359 1940 404 2004 sic
436 1938 565 2024 legimus
600 1937 620 2000 l.
654 1942 682 2001 8.
740 1937 832 2000 “Hac
869 1938 1005 2020 confecta
1041 1937 1159 2020 ueqotia
1192 1960 1212 1999 a
1247 1936 1374 1998 Salonis
1411 1937 1456 2000 ad

364 2043 486 2106 Oricum
513 2048 623 2124 qartus
635 2041 678 2125 1),
711 2042 858 2104 stadaues
893 2040 1042 2125 litoraque
1075 2042 1173 2103 amaria
1207 2041 1293 2122 iauqe
1325 2040 1455 2126 iateque

361 2147 509 2210 elassibus
542 2146 715 2227 occupauii;
758 2145 962 2228 custodiisque
996 2145 1156 2227 diiiqeuter
1189 2143 1351 2228 dispositis
1386 2146 1456 2228 ipsc

359 2250 540 2335 pravissima
572 2249 667 2311 diesne
699 2250 733 2310 iu
762 2249 889 2312 nauibus
912 2246 1099 2312 eucudabat.''
1124 2248 1218 2312 Cur?
1264 2247 1456 2332 Respondoo

364 2352 463 2419 verbis
492 2353 627 2416 Caesaris
656 2353 792 2436 proxime
820 2351 1015 2435 sequentibus
1038 2357 1127 2436 atque
1150 2373 1187 2414 ex
1209 2372 1274 2415 mea
1297 2354 1457 2420 sententis

288 2464 295 2476 '
363 2455 545 2523 emendatis:
1247 2436 1263 2473 '

369 2632 381 2659 ο
408 2560 537 2643 “Neque
558 2558 657 2621 alliam
681 2558 808 2622 laborem
830 2565 885 2622 aad
907 2580 1015 2621 muuus
1037 2558 1203 2641 despiciens
1224 2557 1458 2646 subsidiumque

365 2670 538 2747 exspectaus
564 2663 717 2739 Caesaris,
732 2663 762 2726 si
772 2663 806 2725 iu
817 2668 1001 2746 corzspeciuua
1012 2663 1134 2726 ueniret.
1157 2662 1293 2746 Sedqrost
1304 2661 1418 2748 reliq.”
1430 2665 1457 2750 2)

408 2767 499 2832 Nihil
520 2769 581 2831 fere
604 2768 733 2844 mutavi,
756 2768 916 2853 pristinam
936 2769 1073 2831 revocavi
1092 2767 1268 2844 lectionem,
1283 2788 1364 2850 quae
1376 2775 1459 2834 erat:

365 2876 420 2938 “iu
447 2872 585 2935 Caesaris
607 2877 793 2954 carsspectuua
813 2871 936 2934 ueniret.
971 2870 1032 2934 Sed
1045 2869 1151 2954 qamt?
1173 2871 1350 2955 transposui
1363 2894 1459 2937 voca-

364 2977 470 3043 bulum
505 2977 652 3040 Caesaris.
679 2976 740 3040 vid.
763 2975 950 3060 Oudendorp
973 2974 1010 3038 ad
1033 2973 1064 3039 h.
1086 2975 1106 3038 l.
1152 2975 1200 3039 De
1223 2973 1378 3038 divisione
1403 2998 1460 3040 rre-

365 3103 493 3167 que-que
523 3081 560 3142 cf.
583 3080 619 3144 B.
642 3078 677 3142 C.
700 3082 728 3142 3.
753 3082 793 3142 51
818 3083 848 3142 et
872 3081 923 3143 74.
968 3077 1119 3160 Neque-et
1141 3078 1202 3141 vid.
1225 3076 1261 3140 B.
1285 3076 1319 3139 C.
1345 3081 1377 3141 3.
1405 3083 1461 3144 28.

408 3183 613 3269 Nipperde'ius
636 3205 703 3267 pag.
728 3185 790 3245 160
815 3182 859 3244 ed.
883 3203 968 3244 suae:
998 3181 1212 3244 “deridendam
1234 3177 1308 3258 est,''
1329 3183 1461 3265 inquit:

365 3295 424 3349 “ue
454 3288 534 3369 quad
560 3286 727 3347 subsidium
756 3285 942 3366 suspectanti
979 3285 1103 3346 Caesari
1132 3285 1382 3366 inconspectum
1406 3311 1461 3354 ae-

365 3381 471 3452 uir‘et.''
501 3391 544 3452 At
563 3386 654 3470 hujus
677 3388 857 3451 auctor'tate
877 3409 940 3452 non
962 3409 1100 3464 moveor,
1122 3392 1158 3451 ut
1181 3410 1198 3449 a
1220 3390 1374 3454 sententia
1392 3392 1460 3458 dis-

367 3494 487 3570 cedam3
517 3514 586 3554 nam
617 3491 748 3576 primum
779 3490 837 3554 hoc
867 3471 930 3554 no'n
961 3490 1067 3577 agebat
1090 3491 1211 3568 Caesar,
1233 3496 1269 3556 nt
1292 3495 1402 3579 copiae
1426 3497 1461 3560 in

286 3643 288 3648 -
367 3600 562 3682 conspectum
593 3596 747 3672 venirent,
777 3594 829 3659 sed
851 3599 887 3658 ut
910 3596 943 3658 in
966 3599 1074 3659 terram
1098 3597 1250 3682 expositas
1273 3617 1344 3660 curn
1369 3621 1460 3665 exer-

368 3703 433 3766 citu
462 3721 517 3764 suo
549 3698 762 3785 conjungeret3
792 3719 889 3783 neque
920 3697 999 3762 hanc
1029 3698 1068 3762 ob
1093 3720 1212 3762 oausam
1235 3703 1335 3762 tantas
1360 3702 1460 3768 mole-

366 3805 440 3871 stias
463 3804 540 3869 ferre
561 3802 692 3867 Bibulus
721 3803 908 3881 decreverat,
939 3825 978 3867 ne
1008 3802 1117 3866 Caesar
1147 3804 1248 3888 copias
1278 3804 1391 3889 procul
1423 3807 1458 3871 in

366 3908 442 3974 mari
464 3908 641 3993 navigantes
664 3907 787 3972 videret.
832 3908 935 3993 Igitur
957 3928 1056 3990 neque
1078 3929 1094 3969 a
1117 3928 1207 3969 sensu
1229 3905 1387 3992 probanda
1411 3914 1460 3975 est

367 4012 557 4096 conjectura,
578 4011 731 4073 nossetis
754 4017 853 4074 servat
876 4009 1016 4073 codicum
1039 4009 1227 4094 scripturam.
1262 4010 1380 4076 Tamen
1399 4035 1460 4079 neo

367 4139 415 4182 me
437 4137 541 4179 vorum
564 4113 676 4178 vidisse
698 4114 820 4177 affirmo.
855 4114 935 4177 Nam
958 4112 1035 4177 illud
1059 4135 1167 4198 aeque,
1190 4114 1271 4197 quod
1294 4118 1367 4180 ante
1386 4118 1460 4182 aa·

402 4381 427 4437 1)
444 4380 482 4431 Ita
498 4379 579 4447 scripsi
594 4396 622 4429 ex
639 4379 775 4444 Nipperdeii
790 4380 959 4431 emendations:
978 4379 1048 4447 vulgo
1062 4380 1147 4446 legitur
1164 4382 1221 4431 “ad
1237 4382 1301 4431 Orici
1315 4387 1444 4447 partius.n

401 4459 426 4517 2)
451 4460 536 4509 Eadem
561 4459 729 4510 constructione
752 4476 806 4509 usus
829 4463 864 4509 est
888 4460 974 4510 Caesar
996 4461 1026 4511 B.
1050 4462 1078 4510 O.
1102 4463 1125 4511 1.
1148 4463 1189 4511 83.
1206 4465 1265 4511 extr.
1284 4464 1351 4512 “uu
1369 4469 1461 4518 eadm

368 4539 455 4589 Sicoris
472 4546 564 4590 tantm
569 4577 577 4601 ‚
594 4541 616 4589 si
633 4540 736 4591 transire
746 4540 867 4605 possent?
