3609 5450
711 467 887 528 ..13-

258 655 376 728 carent,
398 672 527 734 quorum
550 671 672 737 prorsus
695 648 775 714 nihil
798 654 928 714 ametur:
951 650 1075 714 seorsim
1099 673 1174 735 quae
1190 653 1339 718 virtutum

256 756 329 817 sunt
359 753 493 838 expertia
523 775 591 816 cum
622 753 698 838 ipsis
729 753 896 817 virtutibus
928 775 1098 839 comparare
1128 776 1188 837 quo
1211 757 1339 821 consilio

255 856 394 932 fecisset,
416 856 491 939 quid
514 856 551 920 ad
573 878 635 919 rem
658 856 750 920 faciat
766 879 828 920 non
844 862 994 940 assequor.
1028 857 1087 920 Sed
1108 857 1219 923 clarius
1235 862 1339 937 etiam,

255 981 317 1042 quo
345 960 442 1046 magis
473 959 605 1022 auctoris
636 982 720 1022 mens
751 964 906 1045 appareat,
937 981 1056 1023 sensum
1088 961 1163 1043 quid
1186 963 1339 1048 significet

255 1061 418 1146 explicem
442 1059 502 1124 huc
525 1061 619 1126 redit:
642 1083 719 1144 quae
742 1064 891 1127 virtutum
912 1067 985 1126 sunt
1003 1063 1162 1147 participia
1177 1067 1285 1129 merito
1304 1068 1338 1131 in

255 1164 369 1228 honore
391 1169 480 1242 sunt,
503 1164 554 1228 sed
578 1165 613 1228 fit
636 1166 726 1229 etiam
749 1170 925 1242 uteorum,
950 1187 1026 1249 quae
1041 1167 1189 1230 virtutum
1206 1170 1339 1254 expertia

256 1272 344 1346 sunt,
367 1267 463 1331 multa
485 1267 651 1332 honoribus
675 1270 834 1355 gaudeant.
882 1269 942 1333 His
966 1273 1166 1354 congruenter
1185 1277 1340 1357 exspecta-

256 1373 299 1435 ris
321 1373 448 1435 fortasse
470 1372 550 1435 idem
573 1373 638 1435 fieri
662 1372 699 1436 de
722 1372 951 1458 pulchritudine
973 1373 1038 1435 scil.
1059 1375 1148 1436 etiam
1166 1373 1262 1439 multa
1277 1399 1338 1440 non

256 1473 382 1560 pulchra
412 1476 446 1537 iu
478 1474 581 1538 eodem
612 1498 710 1539 amore
740 1475 860 1553 haberi,
884 1499 944 1560 quo
967 1475 1109 1561 pulchra3
1133 1477 1185 1540 sed
1208 1478 1339 1543 multum
1388 1517 1394 1529 κ

256 1579 372 1656 differt;
396 1599 465 1640 nam
490 1599 609 1655 eorum,
633 1600 709 1661 quae
731 1577 960 1664 pulchritudine
982 1581 1117 1664 expertia
1139 1584 1227 1655 sunt,
1250 1582 1339 1645 verbo

234 1680 333 1769 ¹nihil
364 1685 489 1744 amatur.
534 1679 674 1772 Alterum
708 1691 808 1745 autem
839 1681 1015 1758 deleverim,
1038 1683 1109 1767 quia
1131 1683 1339 1769 Interpolator

253 1783 343 1850 verba
361 1783 437 1846 οὐδὲν
460 1817 501 1829 -
518 1782 714 1862 οὲγαπόμενον
732 1785 886 1849 Isocrateo
897 1807 980 1849 more
991 1785 1158 1850 antithesin
1172 1786 1338 1851 desiderare

254 1888 395 1973 opinatus
425 1886 488 1949 ritu
518 1908 573 1949 suo
605 1887 664 1950 ista
699 1887 842 1970 adjecisse
876 1888 1005 1954 ridetur.
1051 1889 1138 1960 Quae
1166 1888 1255 1974 plane
1286 1890 1338 1955 abs

254 1996 355 2069 mente
384 1990 510 2066 Nostri,
541 1990 610 2073 qui,
640 1991 666 2054 si
694 2013 808 2077 semper
832 1992 942 2055 similis
965 1993 1030 2071 sui,
1047 2008 1122 2056 'non
1146 1997 1207 2056 tam
1231 2016 1337 2080 parum

216 2120 220 2129 ·
255 2094 428 2157 constiterit
450 2091 525 2169 sibi,
548 2096 584 2156 ut
602 2115 673 2156 mox
692 2094 887 2178 sequentibus
908 2099 1100 2158 controversa
1119 2095 1239 2160 diceret.
1274 2096 1339 2167 Qui

255 2199 335 2262 enim
359 2197 434 2261 bene
456 2196 515 2260 sibi
537 2196 739 2282 respondeant
761 2204 816 2262 πῶν
842 2197 971 2271 κόλλους
993 2198 1231 2278 ἀπεστερημένων
1253 2199 1338 2265 πόνό

255 2302 408 2383 εὑρήσομεν
431 2300 755 2382 κασαΦρονοόμενα
777 2305 808 2364 et
832 2301 876 2386 (in
897 2302 915 2384 d
936 2302 1009 2386 seq.)
1026 2308 1081 2365 τῶν
1096 2302 1150 2379 μὲν
1165 2302 1224 2383 γόορ
1240 2300 1340 2368 όιλλων

257 2407 312 2490 (μή
334 2405 456 2490 καλῶν),
480 2399 517 2467 ὧν
539 2401 576 2468 όιν
600 2404 629 2466 ἐν
650 2403 738 2486 χρείη
760 2404 1042 2484 γενόμεόα,πυχεῑν
1056 2405 1140 2482 μόνον
1155 2405 1337 2483 βουλόμεόα,

254 2507 408 2591 περαιτέρω
439 2507 468 2571 δὲ
491 2507 685 2588 περὶτούτων
708 2508 783 2572 οὐδὲν
805 2517 842 2590 σή
865 2515 953 2590 ψυχή
976 2509 1238 2589 προςπεπόνόαμεν.
1281 2509 1338 2573 Ce-

252 2618 350 2677 terum
382 2611 472 2677 verba
504 2612 581 2686 πλήν
611 2611 666 2675 όσα
695 2612 806 2687 ταύτης
829 2621 881 2686 τῆς
904 2611 982 2683 ἰδέας
1005 2613 1183 2687 κεκοινώνηκε
1205 2613 1338 2699 apertius

252 2715 503 2800 Interpolatorem
527 2718 677 2800 arguunt,
693 2717 805 2802 quippe
820 2738 896 2799 quae
911 2714 1001 2779 nihili
1018 2717 1097 2794 sint,
1113 2717 1184 2801 quia
1199 2718 1337 2803 exceptio

253 2842 357 2907 parum
381 2822 449 2902 apte
471 2839 533 2880 non
557 2818 683 2881 refertur
707 2818 745 2881 ad
766 2821 893 2905 speciem
917 2820 1065 2902 aliquam,
1085 2820 1139 2884 sed
1162 2825 1262 2884 totum
1284 2843 1337 2905 ge-

253 2945 312 2986 nus
343 2920 461 2985 scilicet
492 2918 723 3005 complectitur3
753 2926 783 2984 et
806 2922 877 3003 quia
901 2922 1148 2986 antecedentibus
1172 2924 1337 2986 necessarie

253 3026 449 3091 continentur
472 3029 528 3089 πῶν
549 3021 676 3096 κόλλους
698 3024 935 3104 οέπεσπερημένων
958 3026 1110 3104 εὑρήσομεν
1125 3025 1227 3090 ποόνπα
1242 3049 1337 3091 κασα-

251 3130 439 3212 Φρονοόμενα.
464 3115 594 3192 Isocrati
614 3128 744 3212 quidem,
763 3150 852 3212 quem
872 3151 941 3192 cum
958 3133 1075 3193 constet
1095 3152 1210 3193 summa
1221 3152 1336 3217 semper

252 3234 412 3320 diligentia
434 3254 488 3296 sua
512 3233 625 3319 scripta
648 3231 781 3309 limasse,
794 3233 933 3316 quamvis
953 3221 1075 3318 copiosa
1094 3234 1135 3299 sit
1146 3234 1211 3319 ejus
1223 3237 1335 3314 oratio,

252 3338 321 3423 plus
343 3336 460 3413 tribuo,
483 3357 573 3419 quam
596 3337 647 3400 oui
670 3335 744 3401 tales
767 3337 897 3423 ineptias
921 3337 1126 3402 adscribercm.

578 3542 662 3607 orat.
684 3542 736 3607 xl
760 3548 800 3608 95
825 3567 853 3630 p.
880 3548 961 3622 aaa,
984 3544 1013 3608 d.

297 3744 466 3826 Συκροόπους
488 3744 518 3808 δὲ
539 3754 708 3826 κατηγορεῖν
731 3748 937 3828 ἐπιχειρήσας,
956 3746 1049 3829 ι’όσπερ
1068 3749 1252 3829 ε’γκιομινόσαι
1263 3750 1334 3828 βου-

251 3848 369 3928 λόμενος
398 3848 589 3927 Ἀλκιβιάδην
619 3848 726 3922 ἔδωκας
757 3852 836 3931 αὐτῷ
859 3850 1006 3927 μαόησήν,
1030 3849 1059 3916 όν
1082 3854 1132 3917 ὑπ’
1153 3854 1257 3920 ἐκείνου
1279 3854 1333 3932 μὲν

251 3952 339 4024 οὐδεὶς
368 3953 467 4035 ήσόεπο
501 3951 720 4031 παιδευόμενον,
752 3951 794 4019 ότι
825 3954 854 4019 δὲ
884 3956 959 4018 πολὺ
989 3955 1119 4034 διήνεγκε
1148 3962 1204 4023 σῶν
1233 3956 1333 4024 ἄλλον

250 4052 382 4128 ἅπαντες
405 4055 441 4120 όιν
463 4058 680 4137 ὁμολογήσειαν.
1271 4040 1286 4056 l

295 4161 445 4224 Isocrates
475 4163 541 4247 ipse
570 4184 632 4226 non
663 4163 826 4227 immemor
847 4164 998 4254 praecepti
1021 4165 1110 4228 modo
1135 4167 1197 4230 dati
1226 4165 1257 4248 (t
1273 4162 1331 4248 4.):

250 4262 293 4329 ότι
317 4263 363 4328 δεῖ
382 4265 446 4337 τοὺς
469 4266 522 4344 μὲν
545 4267 675 4343 εὐλογεῖν
698 4266 779 4338 πινόις
798 4266 988 4345 βουλομένους
1008 4268 1098 4332 πλείω
1115 4274 1170 4333 πῶν
1186 4266 1333 4348 ὑπαρχόν-

249 4393 306 4434 rur
329 4369 427 4439 αὐτοῖς
447 4369 575 4447 προσόντ’
590 4369 778 4452 ἀποφαίνειν,
800 4371 866 4441 τοὺς
881 4370 911 4433 δὲ
933 4377 1166 4451 κατηγοροῦντας
1188 4374 1333 4439 varsula

249 4472 357 4538 σοόσονν
387 4478 488 4549 ποιεῖν,
516 4496 578 4539 non
608 4475 704 4561 parcit
735 4495 791 4539 nec
819 4474 977 4541 mendacio
1003 4495 1102 4560 neque
1122 4474 1334 4565 ambiguitati,

991 4601 1148 4634 ,ϊ
