3609 5450
801 491 980 555 ...70-

351 678 519 770 prnebebat.
563 679 724 760 stauppotere
746 677 776 742 h.
799 678 818 742 l.
841 678 923 742 idem
950 679 997 740 est
1023 696 1058 740 ac
1084 696 1147 741 crac
1173 677 1297 763 dempta
1315 675 1450 741 notione

351 784 526 852 affluentiae.
571 783 622 847 Ita
645 782 775 868 scriptor
796 781 877 848 Belli
900 779 1038 846 Africani
1061 800 1125 867 cap.
1148 783 1199 844 31.
1223 783 1252 844 3.
1481 790 1482 865 J

395 887 533 958 “Quibus
562 885 648 949 rebus
676 905 828 968 acquam
858 889 948 963 tanta
975 888 1145 965 suppeteret
1166 920 1211 931 -
1231 884 1391 949 victoriae
1405 885 1448 968 fi·
1481 880 1482 901 ¹

352 991 457 1064 duda,
479 996 514 1052 ut
537 993 638 1052 castra
662 1009 719 1051 aaa
740 988 856 1051 adoriri
878 982 1051 1051 cudmcatff’
1207 1018 1214 1031 ·

396 1093 443 1158 Of.
465 1093 502 1157 B.
525 1091 562 1155 G.
587 1094 615 1156 1.
639 1094 689 1155 16.
709 1090 792 1154 “Sed
806 1112 844 1154 cc
859 1090 971 1175 pabuli
988 1090 1106 1173 quidm
1124 1088 1203 1151 satis
1219 1109 1335 1171 myrra
1362 1088 1447 1175 eopia

352 1194 549 1280 mppctcbat''
572 1198 603 1258 et
624 1194 661 1260 B.
684 1195 721 1259 G.
746 1198 775 1259 7.
800 1198 850 1259 14.
874 1194 1018 1256 “Horam
1035 1193 1114 1274 iprsis
1129 1213 1227 1255 rerum
1242 1193 1472 1278 copiane-p..

346 1307 466 1384 petere,
488 1299 582 1383 quod,
604 1319 726 1382 qaorum
747 1299 781 1360 ia
797 1298 917 1382 picibus
939 1297 1050 1360 bellam
1065 1302 1206 1379 peretur,
1226 1316 1332 1360 eorm
1353 1296 1448 1379 copiis

351 1398 568 1468 mimator?

398 1504 453 1571 “V
448 1501 593 1570 tudam
605 1501 643 1567 de
653 1501 843 1568 Caesarianis
859 1504 957 1590 accipi
974 1503 1082 1582 velim3
1104 1524 1174 1567 nam
1190 1503 1236 1567 ita
1253 1501 1370 1569 melius
1391 1503 1448 1569 sibi

353 1612 475 1674 constat
497 1607 611 1684 oratio,
630 1627 720 1690 quam
738 1607 764 1671 si
784 1606 822 1671 de
840 1607 977 1692 Pompeji
997 1605 1149 1671 militibus
1168 1605 1288 1671 dictum
1307 1608 1448 1695 accipere

352 1731 511 1799 cogamu13
534 1708 618 1794 quod
642 1709 768 1773 caeteris
792 1707 1010 1795 interpretibus
1032 1709 1154 1774 oceidit.

400 1814 474 1901 Cap.
504 1817 556 1879 67.
601 1812 672 1876 “Eo
701 1813 787 1895 atym
818 1812 944 1896 lesionis
971 1812 1063 1876 illato
1085 1811 1289 1896 operabilem
1320 1804 1449 1879 Gaesao

352 1914 595 1982 renuntiaramt.’'
629 1916 677 1979 De
700 1916 930 1980 constructione
952 1914 1022 1979 vide
1044 1915 1296 2001 Oudendorpinm
1315 1920 1351 1981 et
1370 1917 1448 1984 Her·

356 2022 478 2109 aegium
500 2020 590 2086 adh.
612 2019 632 2084 l.
677 2019 815 2104 Uterque
837 2019 952 2084 similes
973 2018 1057 2083 locos
1080 2019 1242 2105 adscripsit
1264 2041 1282 2083 e
1305 2020 1448 2087 caman

357 2123 599 2201 commentariis,
627 2123 709 2188 unde
737 2122 932 2209 perspicuum
960 2144 1023 2187 esse
1045 2124 1153 2209 opinor
1174 2144 1237 2187 non
1259 2144 1341 2209 opus
1368 2147 1449 2204 eam,
1481 2198 1482 2213 χ

356 2234 393 2294 ut
416 2225 561 2292 addamus
583 2248 658 2304 rem,
681 2231 718 2291 ut
739 2226 887 2312 Nipperd.
910 2225 1017 2291 voluit.
1052 2225 1172 2291 Deinde
1189 2227 1244 2303 iis,
1262 2247 1344 2311 qaae
1370 2229 1449 2295 idun
1481 2244 1482 2265 ³

357 2329 461 2417 paullo
483 2330 563 2393 infra
583 2329 620 2392 de
639 2332 780 2415 corrupto
802 2329 956 2414 copiarum
974 2351 1099 2395 numero
1120 2329 1280 2407 disseruit,
1292 2331 1465 2399 calculum·

357 2433 488 2518 adjicere
509 2453 633 2516 nequeo.

401 2535 461 2600 Vir
490 2537 570 2600 enim
602 2533 639 2599 cl.
670 2533 745 2598 duas
768 2534 801 2598 in
825 2536 934 2599 eastris
963 2534 1103 2600 cohortes
1126 2536 1164 2600 ad
1186 2537 1320 2622 speciem
1344 2541 1450 2606 muni·

354 2638 449 2704 tionis
473 2660 538 2704 esse
559 2637 680 2703 relictas
703 2659 765 2701 non
789 2638 950 2703 verisimile
971 2661 1037 2705 esse
1057 2644 1146 2726 putat
1168 2645 1199 2705 et
1220 2641 1345 2708 ratione
1371 2644 1450 2710 inita

356 2743 576 2809 demonstrasse
594 2741 653 2807 sibi
675 2742 759 2807 risus
783 2746 844 2820 est,
865 2741 968 2829 plures
992 2742 1132 2809 cohortes
1151 2745 1185 2809 in
1204 2744 1317 2811 castris
1337 2746 1451 2818 Gaesa-

354 2868 418 2912 rem
436 2846 603 2931 reliquisse
637 2845 683 2911 Iis
702 2847 799 2925 enim,
821 2868 896 2931 quas
918 2847 1098 2934 Apolloniae
1116 2847 1243 2932 aliisque
1261 2849 1296 2913 iu
1318 2851 1452 2919 urbibus

355 2950 592 3039 regionibusque
619 2949 763 3015 Graeciae
790 2950 824 3013 in
851 2950 1001 3037 praesidio
1018 2950 1237 3029 collocaverit,
1260 2956 1453 3041 computatis

356 3055 452 3132 effici,
480 3054 652 3119 cohortium
683 3054 907 3140 quinquaginta
933 3058 1047 3141 septem
1070 3078 1228 3121 numerum
1249 3057 1283 3120 in
1306 3058 1452 3126 casses

356 3159 587 3223 conseruisse.
632 3157 692 3221 Sed
721 3158 800 3221 ratio
828 3157 908 3234 loci,
937 3157 974 3221 de
1001 3179 1062 3242 quo
1089 3181 1184 3224 sermo
1207 3163 1271 3237 est,
1292 3162 1451 3245 ejusmodi

356 3260 635 3346 interpretationem
654 3281 717 3323 non
735 3260 867 3345 patitur,
885 3281 962 3343 quae
981 3283 1018 3325 ex
1037 3283 1136 3327 rerum
1153 3284 1216 3326 non
1232 3264 1309 3329 satis
1326 3287 1452 3353 perspe-

358 3367 407 3427 cta
423 3362 600 3427 conditione
622 3366 689 3426 orta
711 3365 765 3425 est.
799 3361 914 3440 Credo,
935 3363 1018 3448 quod
1039 3387 1077 3430 ex
1100 3368 1242 3432 extremis
1265 3368 1384 3455 capitis
1409 3372 1449 3436 65

357 3464 472 3544 verbis,
491 3466 624 3531 effecerit
643 3488 670 3531 v.
683 3463 735 3541 eL,
755 3462 925 3543 Gaesarem,
943 3468 1031 3532 novis
1050 3470 1158 3534 eastris
1177 3470 1349 3538 seeundum
1365 3494 1449 3540 marc

356 3569 503 3648 munitis,
525 3590 627 3634 omnes
649 3590 684 3633 eo
703 3568 822 3655 copias,
848 3568 960 3653 quibus
985 3571 1163 3658 Pompeium
1187 3574 1449 3651 circumvallaret,

354 3672 555 3738 transtulisse.
599 3671 668 3745 Qua
690 3673 724 3737 in
745 3694 778 3737 re
800 3671 867 3737 falli
886 3696 955 3739 eum
973 3676 1123 3742 existimo.
1157 3677 1279 3742 Etenim
1297 3699 1366 3743 nou
1382 3701 1448 3746 om·

252 3755 256 3774 ’
355 3776 408 3839 nia
429 3775 578 3862 praesidia
599 3798 637 3841 ex
660 3776 793 3842 castellis
817 3776 1071 3856 deduxerat,zsed
1096 3779 1134 3843 ab
1160 3802 1194 3843 ea
1218 3784 1342 3847 tantum
1360 3787 1447 3869 parte

355 3879 560 3944 munitionum
584 3884 811 3965 perpetuarum,
834 3902 912 3965 quae
934 3902 1026 3969 prope
1044 3903 1125 3947 mare
1143 3887 1236 3947 erant.
1270 3882 1344 3949 Hoc
1363 3887 1447 3952 enim

356 3982 424 4047 loco
447 3982 635 4067 propositum
656 4005 719 4047 non
742 3988 895 4063 tenuerat,
913 4005 1019 4071 nempe
1039 3990 1075 4050 nt
1093 3986 1271 4073 Pompejum
1281 3988 1367 4054 intra
1379 3991 1447 4078 ejas

356 4085 542 4153 munitiones
567 4086 736 4151 contineret
758 4091 788 4151 et
810 4088 873 4153 sive
892 4088 930 4152 ad
950 4088 1134 4155 deditionem
1152 4091 1216 4156 sive
1234 4090 1272 4155 ad
1290 4092 1447 4178 proelium

355 4192 432 4257 fame
461 4189 646 4277 perduceret.
691 4190 879 4276 Argumento
910 4196 972 4269 est,
1006 4193 1090 4277 quod
1122 4192 1253 4281 legimus
1288 4216 1355 4283 cap.
1392 4202 1446 4266 6⁷.

356 4294 446 4360 “Hoc
464 4295 542 4357 idem
565 4292 663 4357 cisum
685 4313 721 4355 cc
742 4295 943 4377 superioribus
965 4296 1140 4379 quidusdam
1168 4296 1343 4378 caecatus?
1366 4291 1467 4388 quae¹

355 4398 429 4464 adeo
451 4397 608 4486 praesidiis
625 4395 761 4461 nondum
780 4403 864 4462 crant
887 4399 1019 4463 nudatae
1036 4404 1068 4464 et
1087 4420 1150 4486 cap.
1172 4403 1213 4466 73
1233 4401 1460 4484 initiam‚ubi,

355 4506 427 4590 post
455 4524 517 4569 rem
543 4500 620 4569 male
641 4503 758 4589 gestem
781 4501 902 4584 demum
925 4505 1042 4570 “omais
1063 4511 1242 4573 mactata
1263 4506 1340 4573 delli
1361 4511 1446 4580 ratu
