3609 5450
907 451 1085 516 ..13-

451 639 469 721 ῤ
494 639 567 700 229.
600 636 656 701 ούδ
686 637 718 700 ἐκ
748 636 855 702 τούτων
881 635 1016 703 δύνοιντοιι
1046 641 1151 726 ννῶνοιι
1179 637 1230 709 τίον
1254 633 1388 698 τοιιδείοιν
1410 632 1461 696 κοιδ
1485 635 1543 706 τὴν

452 740 621 817 ἐπιμέλειαν
647 737 714 815 ύσνν
741 739 805 820 ἔχει
836 739 976 818 δύνοιμιν,
1004 740 1060 806 οὐδ’
1083 737 1125 804 ὅτι
1153 744 1254 803 τοιύτοι
1275 737 1351 801 πολὺ
1373 735 1410 801 διν
1432 737 1544 825 ύοίττον

451 845 504 916 τὴν
527 845 669 925 ἡμετέρου
690 845 779 927 φύσιν
802 845 985 925 ὠφελήσειεν.
1032 843 1147 927 Eji‘cias
1169 842 1235 906 illic
1258 842 1331 905 item
1353 846 1463 905 τοιῦτοι.

885 1049 965 1114 rur.
989 1051 1007 1133 ο
1032 1053 1104 1114 νιο.

498 1253 583 1316 durat
604 1255 662 1333 ptr
684 1253 733 1316 κού
757 1251 821 1317 τοδε
844 1252 953 1328 τοίντες
976 1253 1013 1320 ίιν
1035 1252 1245 1330 ὁμολογήσειαν
1267 1248 1309 1315 ύτι
1324 1250 1446 1321 τούτους
1467 1274 1547 1331 τεχ-

453 1355 637 1427 νικωτοίσουφ
654 1350 726 1419 εἷνοοι
752 1354 900 1447 νομίζομεν
924 1359 982 1422 οίτδ
1006 1360 1108 1421 τοισῶν
1129 1360 1185 1419 τῶν
1206 1360 1318 1435 τεχνῶν
1340 1352 1391 1418 ιιοίι
1413 1377 1549 1435 χειρουρ-

453 1463 537 1534 γιῶν,
566 1457 664 1530 οίτινες
692 1457 728 1522 διν
758 1459 823 1530 τοὺς
852 1461 990 1537 μοιύντοδς
1019 1461 1056 1531 ὦς
1078 1453 1133 1523 οἷόν
1156 1459 1179 1537 l:
1198 1456 1381 1536 ὁμοιοτάτους
1409 1458 1549 1536 εὀγοίτοις

448 1563 593 1637 ἀλλήλοις
615 1560 795 1637 ἀποδείξωσι.

500 1665 620 1728 Nomen
644 1663 773 1746 ἐονοίτοος
796 1665 941 1743 offendit,
957 1664 1189 1751 Interpolatoris
1209 1686 1273 1729 esse
1294 1665 1425 1729 videtur.
1460 1666 1548 1732 Nam
1619 1724 1621 1729 .

456 1767 484 1830 si
513 1790 610 1832 sermo
641 1774 687 1833 est
719 1768 755 1832 de
785 1769 931 1855 magistro
955 1768 1082 1845 artifici,
1104 1769 1157 1852 qui
1181 1767 1347 1852 discipulos
1371 1767 1548 1834 simillimos

451 1869 515 1933 sibi
545 1872 676 1937 invicem
706 1873 855 1950 effecerit,
882 1895 920 1935 ex
943 1894 975 1935 se
997 1869 1184 1956 intelligitur
1205 1871 1239 1933 in
1261 1872 1327 1956 ipsa
1350 1876 1429 1949 arte,
1451 1895 1548 1956 quum

455 1975 599 2059 magister
628 1977 803 2062 profitetur,
835 1973 1002 2061 discipulos
1033 1974 1113 2038 inter
1142 1996 1174 2037 se
1192 1972 1375 2037 'simillimos
1402 1997 1466 2038 csse
1493 1976 1545 2040 vel

449 2099 520 2140 esse
542 2079 639 2144 factos
662 2081 794 2165 opifices.

844 2340 847 2344 ,
888 2244 969 2348 rud.
993 2288 1011 2368 ο
1037 2288 1109 2348 258.

502 2487 566 2554 ἱίού
596 2487 670 2554 οὗτοι
698 2491 752 2567 μὲν
782 2495 969 2573 σωφρονοῦσιν
998 2491 1126 2569 οίνοιιρεῖν
1152 2485 1303 2566 ζητοῦντες
1332 2487 1456 2559 οίνιοίσοις
1486 2490 1548 2562 τοὶς

457 2593 598 2665 τοιούτοις
629 2591 796 2672 διοιτοιβοίς,
820 2594 849 2654 ἐν
871 2587 918 2663 οιίς
935 2593 1076 2668 ύμούντοιι
1099 2590 1235 2667 βελτίους
1256 2589 1425 2667 γενομένους
1446 2606 1548 2671 χοιλε-

458 2697 597 2777 νιωτίοους
617 2693 733 2761 -ἔσεσύιιι
756 2701 824 2768 τοιῖς
847 2695 942 2760 utrm
964 2694 1108 2776 τοννοίυις
1131 2692 1179 2758 κού
1201 2693 1419 2776 συκοφαντίαις.

500 2801 704 2887 Reponendus
727 2806 773 2866 est
796 2800 944 2864 articulus
967 2799 1048 2872 τούς
1071 2804 1140 2863 ante
1162 2797 1316 2875 βελτίους;
1340 2821 1400 2883 quo
1432 2799 1548 2864 omisso

457 2906 651 2991 participium
674 2905 842 2985 γενομένους
865 2927 928 2968 non
951 2903 1042 2969 habet
1064 2926 1125 2988 quo
1148 2926 1179 2967 sc
1202 2903 1318 2967 referat.

744 3111 828 3175 Orat.
852 3111 936 3175 XIX
961 3112 978 3191 p
1003 3114 1053 3173 13.
1077 3131 1105 3192 p.
1129 3110 1207 3183 386,
1231 3108 1260 3170 d.

504 3318 537 3381 τὸ
567 3315 596 3379 δὲ
630 3323 796 3380 τελευτοιῖον
824 3314 900 3396 φύύμ
934 3312 1086 3392 ἰσχόμενον
1119 3312 1207 3376 οιύτδν
1240 3310 1290 3375 κοιί
1322 3312 1413 3376 τολὺν
1446 3314 1551 3392 χρόνον

463 3420 665 3490 οίσύεννίοοιντοι
686 3454 731 3466 -
750 3416 936 3498 ε’ύεοοίτευσοι.

505 3524 618 3587 Graece
647 3544 709 3585 non
741 3522 855 3587 dicitur
881 3521 1038 3598 νοσήμασιν
1060 3519 1196 3600 ίσχεσίοιι
1220 3520 1272 3584 sed
1295 3509 1414 3601 ἔχεσύοιι
1437 3523 1550 3586 morbis

458 3627 568 3704 teneri,
590 3626 752 3709 implicari.
786 3626 833 3691 Ol
856 3626 935 3690 Plat.
955 3623 1037 3689 Phil.
1059 3647 1087 3710 p.
1111 3629 1170 3703 45,
1190 3624 1218 3689 b.
1262 3624 1355 3689 Lach.
1378 3649 1406 3712 p.
1427 3629 1506 3703 192,
1521 3650 1549 3693 c.

459 3730 553 3815 Legg.
575 3729 626 3793 IX
648 3754 676 3817 p.
700 3735 778 3808 881,
800 3730 827 3794 b.
873 3727 964 3794 Nihil
983 3729 1153 3814 simplicius
1172 3729 1269 3815 igitur
1290 3751 1379 3812 quam
1396 3728 1550 3814 corrigere

458 3832 533 3913 φίύον
554 3833 701 3912 ἐχόμενον.
1133 3870 1137 3880 ·

781 4041 879 4127 Epist.
902 4041 921 4104 I
944 4043 962 4124 t
987 4046 1016 4104 8.
1039 4063 1066 4126 p.
1090 4042 1170 4114 405,
1193 4037 1221 4100 d.

504 4262 572 4343 τοδς
602 4262 631 4326 δὲ
653 4263 762 4333 τούτοις
784 4262 897 4326 κοίκεῖνο
921 4265 994 4327 τοῖσι
1017 4262 1140 4344 φοονερδν
1163 4258 1205 4325 ύτι
1228 4268 1286 4333 τοῖς
1309 4260 1363 4338 μὲν
1385 4260 1548 4338 ἐπιδείξεως

457 4367 594 4445 δεομένοις
625 4366 657 4429 οιί
685 4366 860 4444 ντοοννγύοεις
891 4366 1065 4447 οίρμύττουσι
1096 4365 1170 4449 (ἐκεῖ
1196 4364 1255 4445 γὰρ
1277 4362 1321 4429 σίν
1343 4390 1387 4437 τις
1411 4367 1440 4429 ἑν
1462 4366 1550 4431 τλεί-

458 4494 535 4544 στοις
562 4473 614 4547 τίον
644 4473 733 4536 οιύτού
764 4470 884 4548 δύνοιμιν
912 4470 1120 4555 διοιστείρειεν),
1142 4476 1202 4543 τοῖς
1225 4470 1254 4534 δὲ
1277 4468 1494 4552 διοινιμίξοοσύοιί
1517 4496 1548 4535 τι
