3609 5450
703 505 880 567 ..67-

242 687 429 755 “nataae'7
460 691 619 754 mutarunt
650 687 699 754 vel
729 687 820 754 verbo
842 686 929 753 illato
950 686 1104 752 insolitam
1129 677 1330 776 significatio·

241 815 311 858 nem
332 793 522 873 tribuerunt,
545 813 637 877 quare
661 811 765 881 eorum
788 791 970 876 conjecturis
993 790 1182 876 acquiescere
1198 815 1328 878 nequeo,

194 969 197 983 ,
241 898 355 983 quippe
384 919 461 982 quae
492 896 540 963 vel
569 906 587 960 a
617 895 704 960 codd.
736 897 886 981 scriptura
916 894 1008 960 nimis
1031 893 1164 959 diversae
1187 900 1260 960 suut
1281 894 1330 962 vel

239 1001 380 1065 indicant
415 999 508 1085 hujus
536 1000 598 1064 loci
634 999 814 1063 senteutiam
837 1021 899 1063 nou
922 999 996 1063 satis
1018 997 1113 1062 fuisse
1135 1005 1329 1086 perspectam.

241 1104 324 1168 Nam
360 1102 442 1187 quod
478 1125 496 1167 a
525 1101 706 1187 quibusdam
741 1099 928 1164 “indebant''
947 1084 993 1164 'et
1026 1099 1228 1183 “perticatas''
1260 1101 1329 1168 idco

241 1205 411 1293 improbata
441 1208 530 1284 sunt,
560 1204 643 1290 quod
673 1206 859 1272 munitiones
890 1226 954 1268 uon
984 1209 1085 1268 essent
1111 1205 1276 1290 perfectae,
1297 1205 1331 1270 id

241 1332 293 1376 ecs
322 1332 384 1375 non
414 1310 488 1374 satis
520 1309 708 1394 perspexisse
740 1309 957 1374 sententiarum
994 1308 1153 1373 decursum
1187 1308 1330 1380 ostendit.

241 1413 303 1477 Res
326 1417 425 1478 autem
447 1412 492 1476 sic
515 1433 547 1476 se
568 1410 692 1476 habuit:
716 1412 838 1490 Caesar,
863 1434 958 1496 quum
980 1410 1157 1497 Pompejum
1174 1411 1330 1498 Dyrrhac-

242 1516 311 1580 chio
341 1515 564 1581 interclusisset
595 1519 685 1598 atque
714 1511 781 1600 ejus
812 1514 1061 1581 circumvallandi
1096 1516 1225 1602 cepisset
1256 1538 1330 1582 cou-

241 1620 362 1696 silium,
393 1619 491 1705 captis
520 1619 709 1703 munitisque
741 1617 885 1696 collibus,
913 1619 967 1703 qui
989 1618 1123 1707 hostiurn
1147 1624 1246 1684 castra
1268 1621 1330 1686 cir*

242 1722 440 1799 cumdebant,
456 1742 494 1784 ex
512 1720 637 1786 castello
655 1723 689 1785 in
706 1719 863 1786 castellum
882 1721 1029 1808 perducta
1038 1723 1221 1802 munitione,
1231 1706 1328 1811 magis

240 1827 413 1913 magisque,
446 1825 521 1910 quid
554 1829 670 1912 ageret,
704 1825 862 1889 ostendere
897 1826 1004 1912 eoepit.
1049 1825 1210 1912 Pompejus
1240 1847 1328 1904 vero,

240 1931 293 2015 qui
324 1929 437 2015 proelio
471 1928 620 1994 decertare
653 1927 776 1993 uolebat
809 1927 942 2014 adeoque
971 1928 1106 1994 Caesaris
1140 1929 1327 1994 munitiones

240 2033 385 2119 impedire
407 2054 469 2097 uon
490 2037 625 2120 poterat,
645 2033 739 2097 initio
761 2049 851 2118 quam
871 2032 1012 2120 plurimis
1030 2031 1327 2118 collibusoccupatis

239 2135 459 2223 praesidiisque
487 2138 596 2223 positis
625 2137 747 2202 castella
776 2135 820 2200 ibi
843 2137 1056 2215 communivit,
1077 2139 1114 2201 ut
1132 2136 1327 2201 Caesarianos

238 2239 411 2326 repelleret,
427 2241 454 2303 si
477 2241 584 2305 castris
603 2241 667 2304 suis
686 2241 924 2328 appropinquare
936 2261 1028 2325 eaque
1046 2238 1182 2304 breviore
1194 2239 1327 2304 circuitu

240 2342 396 2408 includere
414 2343 541 2409 vellent:
561 2344 653 2408 simul
675 2343 708 2408 id
728 2366 834 2432 agens,
846 2348 882 2409 ut
894 2343 1049 2408 Caesarem
1062 2348 1182 2432 cogeret
1192 2342 1326 2408 militum

238 2447 386 2534 praesidia
405 2445 546 2535 plurimis
565 2447 642 2514 locis
664 2447 828 2526 collocare,
844 2470 883 2512 ne
895 2446 933 2512 ab
943 2447 1084 2513 hostibus
1096 2447 1327 2514 circumvenire·

196 2547 199 2550 ’
239 2555 298 2615 tur.
344 2538 463 2615 Deiride
483 2572 571 2630 vero,
595 2573 691 2636 quum
702 2550 838 2615 Caesaris
851 2548 964 2614 milites
975 2551 1159 2615 munitiones
1172 2574 1189 2614 a
1201 2548 1326 2615 castello

239 2655 274 2715 in
299 2654 455 2717 castellum
482 2655 679 2741 perducentes
697 2655 814 2719 videret
833 2653 926 2739 idque
944 2655 1145 2741 perniciosum
1166 2654 1225 2719 sibi
1246 2653 1327 2718 suis·

240 2778 300 2840 que
328 2756 394 2820 lore
422 2758 622 2845 intelligeret,
651 2757 753 2821 hostes
782 2759 920 2824 imitatus
951 2760 1018 2844 ipse
1046 2780 1166 2843 quoque
1191 2760 1325 2843 ejusdem

241 2860 361 2946 generis
384 2881 473 2946 opera
491 2861 588 2925 facere
605 2860 760 2939 instituit;
782 2862 926 2945 quoniam
946 2864 1045 2925 autem
1064 2862 1174 2946 majore
1192 2862 1326 2927 militum

239 2985 366 3028 numero
389 2964 531 3029 utebatur
553 2969 585 3030 et
606 2965 793 3030 munitiones
813 2966 960 3029 minorem
980 2964 1143 3029 circuitum
1161 2963 1324 3043 habebant,

238 3088 301 3131 non
331 3066 496 3133 difficulter
527 3089 577 3133 eos
606 3069 748 3155 perfecit,
777 3073 937 3151 antequam
967 3066 1138 3132 Caesariani
1166 3090 1235 3133 suas
1257 3088 1326 3155 per·

240 3172 407 3236 duxissent.
1281 3224 1289 3242 ,

283 3274 406 3347 Quibus
427 3277 574 3361 reputatis
596 3275 684 3341 locus
706 3298 744 3340 ex
768 3273 971 3340 Hottomauni
995 3272 1100 3339 codice
1119 3275 1164 3340 sic
1178 3273 1325 3362 legendus

239 3378 375 3443 videtur:
856 3368 861 3384 x

285 3482 429 3563 “Atqne,·
442 3487 478 3543 nt
497 3483 593 3543 nostri
606 3488 772 3565 perpetuas
788 3484 970 3547 munitiones
987 3482 1148 3558 indebant,
1160 3484 1326 3564 perdamus

241 3605 278 3648 en
293 3582 430 3646 castellis
448 3583 483 3644 in
498 3583 635 3662 pronima
654 3584 797 3662 castella,
816 3607 852 3647 ne
874 3607 931 3669 qno
952 3585 1013 3647 ioco
1032 3592 1217 3667 erumperent
1234 3585 1326 3649 Pam-

238 3687 347 3769 pejani
375 3692 405 3751 et
435 3691 550 3749 nostros
573 3692 646 3768 post
673 3692 787 3767 terpnm
808 3688 1018 3759 adartensium
1041 3688 1088 3749 ita
1108 3688 1163 3749 itti
1184 3688 1327 3752 interiore

241 3790 342 3872 spatio
364 3795 530 3874 perpetuas
562 3788 743 3851 munitiones
772 3788 954 3871 efficiebant,
986 3808 1024 3850 ne
1052 3810 1109 3872 qno
1140 3790 1203 3852 ioca
1231 3792 1326 3855 nostri

240 3895 358 3957 intrare
387 3900 478 3977 atqne
508 3893 590 3976 ipsos
618 3914 638 3954 a
669 3897 749 3974 terpo
779 3891 993 3954 emanmnenire
1017 3898 1147 3974 possent.
1193 3892 1254 3956 saa
1273 3895 1326 3957 iii'

231 3997 377 4079 -aperidns
406 3997 579 4074 vincebant,
608 3996 691 4080 qnod
716 4000 746 4058 et
775 4015 895 4058 annena
924 3994 1055 4057 militnm
1075 3998 1274 4079 praestabant
1295 4002 1325 4058 et

240 4100 382 4165 interiore
402 4083 665 4184 spatioxminonem
687 4098 846 4162 eincnitnna
867 4097 1040 4162 nabataeis*

285 4201 495 4266 “Perductos''
519 4202 548 4268 h.
570 4203 590 4267 l.
620 4225 680 4267 non
713 4206 759 4266 est
790 4200 989 4278 attributum,
1019 4202 1071 4265 sed
1097 4201 1320 4285 praedicatum,
1447 4233 1449 4242 ·

241 4311 277 4373 ut
299 4307 384 4392 ajunt
406 4306 611 4372 Grammatici.
656 4306 759 4393 Igitur
780 4303 932 4369 habebant
950 4326 1012 4369 uon
1035 4304 1238 4366 “munitiones
1253 4324 1323 4383 per-

196 4419 200 4424 '
242 4409 384 4489 dactes,''
403 4432 508 4476 verum
527 4410 744 4488 “manitiones,
764 4432 840 4495 qnae
858 4414 945 4474 erant
957 4406 1125 4493 perductae
1143 4427 1180 4470 en
1199 4406 1325 4470 castella

243 4519 297 4582 aa<
312 4515 490 4595 castellnm,
519 4512 579 4579 new
609 4514 693 4599 reliq.
739 4514 810 4589 Quo
843 4535 907 4617 nou
937 4510 1129 4601 significatur
1149 4510 1325 4598 ¹perlectum

923 4658 927 4668 r
1017 4622 1023 4632 ·
1116 4677 1118 4682 ,
1170 4627 1207 4684 μ
