3609 5450
804 497 1001 557 -loa—

364 683 429 764 δρῶν
453 686 522 760 ἡμῖν
545 682 738 761 ἐμποιοῦντος
772 679 835 751 Qui
854 678 914 745 hoc
932 677 1070 745 scholion
1088 678 1249 766 descripsit
1270 683 1368 749 voluit
1379 684 1446 770 pri·

363 809 413 851 mo
447 790 566 851 tentum
600 784 638 848 ad
669 782 746 848 illud
780 784 940 870 reingere,
971 783 1081 848 deinde
1100 783 1261 850 lectionem
1282 807 1373 869 quam
1394 788 1443 851 in-

361 893 486 955 venerat
513 888 670 953 restituere
698 885 806 952 malint
838 885 1068 971 (φνκκξοένοροον)
1100 890 1131 950 et
1162 885 1256 956 schol.
1282 886 1443 954 lectionem
1469 942 1476 955 .

360 1014 416 1079 pro
449 992 532 1072 varia
564 990 707 1055 lectione
728 988 903 1056 adscribere
957 991 1039 1055 Naro
1079 990 1113 1053 in
1146 990 1281 1076 margine
1312 991 1447 1078 legitur:

361 1095 514 1178 γράφεται
535 1090 741 1177 Φνξοίνοροον
765 1092 835 1182 (leg.
856 1092 1030 1178 Φνξοὲνοροο).
1060 1094 1214 1160 Posterior
1236 1095 1333 1179 igitur
1353 1093 1447 1161 lectio

360 1222 422 1264 una
444 1197 536 1263 schol
558 1200 740 1263 auctoritate
761 1198 881 1262 nititur.
926 1196 1059 1261 Medicci
1089 1196 1181 1262 lectio
1203 1203 1298 1263 metro
1320 1204 1445 1284 pugnat

361 1304 401 1368 In
433 1304 545 1385 dispici.
569 1303 605 1365 de
638 1303 743 1370 Aeacla.
777 1304 945 1386 interprett.
960 1346 962 1351 -
978 1308 1048 1369 aaa..
1074 1323 1104 1386 p.
1127 1304 1192 1365 loo
1224 1303 1334 1387 purtim
1366 1302 1445 1365 duce

361 1405 561 1491 Baubergerc
584 1406 702 1469 conieci
723 1408 794 1470 ἀλλ’
817 1407 970 1471 coenem
988 1401 1156 1492 φυξανορίᾳ.
1203 1404 1290 1476 Quae
1313 1425 1445 1489 aequm

361 1514 412 1574 tur
445 1509 479 1573 in
512 1508 571 1573 hoc
605 1508 722 1589 scholio
750 1509 793 1577 ad
821 1508 959 1587 ἀμείνονα
988 1514 1044 1575 τῶν
1064 1512 1164 1573 κοικῶν
1182 1508 1369 1591 ἐψηφίσαντο,
1392 1509 1447 1583 τὴν

359 1611 460 1694 φυγήν
484 1611 542 1696 (sic
565 1612 646 1675 enirn
668 1611 740 1698 leg.)
762 1612 917 1677 referenda
939 1611 1196 1677 erantadr.14.
1218 1613 1327 1678 κύδιστ’
1345 1611 1448 1693 exten

359 1715 520 1795 aecae*
535 1713 589 1779 ubi
612 1713 711 1793 Mea,
732 1716 786 1800 qui
804 1715 922 1797 οὶχοιίοον
939 1714 1045 1792 habet,
1072 1720 1154 1780 recte
1172 1737 1189 1778 c
1208 1715 1326 1781 scholio
1344 1738 1445 1781 emen·

360 1816 448 1883 (latus
471 1820 527 1882 est.
1240 1859 1243 1865 ·

405 1925 455 1987 75.
477 1920 576 2002 eptas
599 1921 663 1985 dard
685 1923 755 1998 νοις.
800 1922 897 1986 Recte
918 1922 952 1985 in
974 1920 1132 1999 lemmate,
1158 1921 1240 2004 quod
1266 1943 1282 1985 e
1305 1922 1446 1987 Medicco

359 2029 493 2088 sumtum
536 2028 598 2100 est,
631 2016 745 2110 legitur
772 2023 850 2088 aad.
895 2023 1082 2093 scholiastes
1107 2023 1208 2103 Ἀερίοο
1239 2043 1293 2109 pro
1323 2027 1448 2090 nomine

358 2130 479 2214 proprio
501 2126 608 2204 habet,
639 2128 674 2190 in
703 2149 763 2210 quo
795 2127 1032 2191 consentientem
1055 2125 1146 2190 habet
1167 2126 1353 2211 Stephanum
1379 2128 1444 2213 By-

359 2232 515 2307 tantinum
548 2253 575 2295 v.
599 2228 708 2310 Ἀεοιοκ
753 2231 813 2294 Sed
842 2235 924 2295 recte
953 2230 1098 2294 scribitur
1128 2230 1231 2294 littera
1257 2231 1446 2311 minuscula;

358 2334 529 2419 Aeschylus
552 2332 659 2420 procul
683 2333 775 2399 dubio
800 2334 837 2398 de
858 2335 1083 2422 significatione
1105 2332 1244 2399 vocabuli
1280 2336 1446 2421 cogitavit,

359 2444 389 2508 et
411 2440 438 2503 si
460 2460 569 2504 nornen
592 2439 747 2524 proprium
760 2438 933 2520 noluisset,
954 2446 998 2515 νῆ
1019 2436 1072 2502 hic
1092 2460 1155 2504 non
1178 2438 1356 2504 addidisset.
1395 2432 1398 2436 ⁴

403 2546 454 2606 81.
478 2543 588 2606 πέλοιτ’
610 2540 766 2624 deciviam
796 2542 916 2621 γάμοις.
951 2539 1054 2606 Schol.
1080 2542 1128 2607 ἐπὶ
1157 2548 1216 2614 τοῖς
1239 2542 1445 2621 νενομισμένοις

360 2645 412 2711 nal
434 2644 549 2721 δόξοιοιν
560 2648 647 2722 Ιἡμῖν.
678 2645 890 2709 Ἠοτιηοιιιιικι
909 2644 986 2709 dicit
1004 2639 1187 2710 scholiastes
1204 2644 1324 2734 legisse:
1347 2644 1447 2711 ἔνδικοι

358 2748 470 2827 νόμοις,
494 2748 569 2826 hoc,
592 2750 716 2833 opinor,
737 2770 846 2813 seusu:
880 2750 944 2813 vim
966 2771 983 2812 a
1005 2750 1094 2814 nobis
1116 2754 1249 2814 arcentes
1271 2750 1353 2835 leges
1375 2756 1444 2815 tue-

358 2852 481 2929 remini,
504 2874 542 2915 ex
564 2849 683 2936 legibus
704 2850 785 2914 iuste
807 2851 946 2937 ageretis,
991 2851 1051 2915 Sed
1073 2873 1112 2916 ne
1134 2853 1179 2917 sic
1201 2852 1324 2935 quidem
1347 2852 1442 2917 schol.

356 2957 565 3042 interpretatio
587 2954 664 3019 bene
682 2976 753 3019 cum
771 2957 876 3041 poetae
895 2954 994 3020 verbis
1014 2956 1164 3041 congruit.
1194 2955 1335 3020 Fortasse
1353 2954 1444 3020 scho-

356 3061 422 3126 lion
443 3058 501 3124 hoc
522 3058 711 3125 referendum
732 3058 771 3122 ad
792 3055 841 3134 εὖ,
866 3080 895 3123 v.
910 3062 961 3125 77,
1006 3059 1087 3124 Nam
1109 3079 1163 3123 eur
1184 3057 1361 3122 scholiastes
1382 3057 1444 3123 hoc

356 3166 426 3231 loco
448 3164 541 3244 νόμοις
564 3160 720 3251 explicans
742 3162 910 3228 addidisset
933 3166 1003 3241 ἡμῖν
1024 3182 1087 3227 non
1110 3167 1242 3249 apparet

403 3273 455 3332 82.
476 3267 546 3355 ἔστι
566 3268 603 3332 δὲ’
623 3268 682 3333 ada
711 3266 859 3345 πτολέμου
884 3265 1051 3347 τειρομένοις
1078 3266 1179 3344 βωμὸς
1209 3264 1281 3346 οἶμος
1308 3264 1444 3345 oeten

356 3375 437 3452 ῥῦμοι
458 3371 599 3449 δαιμόνων
621 3372 724 3450 οέβοις.
752 3370 889 3436 fichol:
923 3372 973 3437 aa>
1003 3379 1064 3444 τοῖς
1095 3373 1128 3437 ἐκ
1150 3371 1278 3448 πολέμου
1300 3371 1329 3435 δὲ
1355 3391 1442 3449 τειρο·

358 3475 452 3552 μένοις
470 3474 534 3538 μοι)
557 3474 715 3554 Φεύγουτιν
738 3475 871 3553 δ’βοομὸς
893 3476 996 3540 διὰτὸ
1018 3480 1075 3542 τῶν
1092 3475 1232 3554 δοιιμονιον
1250 3475 1345 3552 σέβοις
1361 3478 1444 3557 ῥῧμοο

358 3587 411 3653 τῆς
429 3577 558 3656 ’βλάβης
581 3576 668 3641 ἐστίν,
713 3575 876 3662 Explicuit
895 3580 993 3664 igitur
1016 3578 1156 3665 deinceps
1178 3577 1285 3644 verbm
1306 3581 1365 3643 κοξκ
1387 3601 1440 3644 οιτ.

357 3706 426 3763 τειρ.
454 3682 536 3761 βωμ.
558 3680 641 3757 harpe.
666 3678 735 3757 τεβ.
757 3678 837 3759 ῥῦμοὶ
854 3682 959 3755 dorio„
971 3679 1024 3744 sed
1042 3685 1124 3744 tacet
1143 3682 1180 3744 de
1198 3681 1354 3745 vocabulis
1371 3679 1444 3761 ἄμςς

356 3786 509 3869 φονοὲοιν,
536 3785 675 3865 cortona
697 3785 802 3847 contra
825 3781 911 3847 addit
933 3781 1142 3859 atteteritur.
1188 3782 1278 3848 Unde
1301 3788 1442 3870 apparet,

357 3912 427 3954 eum
449 3889 559 3976 legisse
580 3885 690 3964 ἄτης,
714 3886 781 3972 (pro
802 3883 885 3968 ἄμης)
908 3884 992 3969 quod
1014 3884 1093 3949 vidit
1113 3884 1173 3948 iarn
1196 3885 1366 3965 Stanleius,
1388 3891 1441 3951 aut

358 3994 464 4073 ἀρῆς,
499 3993 659 4080 probatum
702 3990 812 4055 Grotio
845 3992 876 4053 et
910 3986 1104 4075 Hermanno,
1144 3989 1283 4055 Ionicum
1315 3993 1440 4056 formam
1562 4064 1569 4076 ·

358 4096 511 4180 Aeschylo
541 4094 787 4184 concedentibus.
832 4092 978 4178 Sequitur
1008 4093 1090 4158 aliud
1113 4092 1252 4160 scholion
1274 4094 1442 4160 necessario

358 4199 397 4263 ad
419 4199 575 4286 vulgatum
598 4197 667 4278 ’ἄμμ
694 4196 899 4273 referendum,
933 4196 985 4260 sed
1007 4198 1041 4261 in
1063 4219 1124 4281 quc
1147 4198 1288 4262 similiter
1309 4196 1440 4281 explica-

358 4270 418 4368 ml
432 4309 492 4375 τοῖς
514 4340 559 4352 -—
579 4302 745 4386 τειρομένοις
765 4300 827 4367 acl
850 4301 1058 4381 τετραμμένοις
1081 4303 1120 4372 εἷς
1141 4301 1258 4383 <posim
1289 4302 1369 4365 unde
1390 4323 1440 4365 su·

359 4407 485 4496 spiceris
507 4405 640 4489 Φννοὶσιν
671 4428 734 4471 nou
764 4427 874 4472 esse-a
904 4403 1067 4469 scholiasta
1089 4405 1201 4469 lectum
1224 4408 1267 4481 et,
1289 4428 1325 4467 ex
1348 4406 1442 4471 inter-

359 4512 528 4600 pretatione
557 4514 677 4589 uatnm,
708 4509 786 4576 alius
815 4507 956 4575 vocabuli
979 4507 1079 4574 locum
1103 4529 1271 4593 occupasse.
1316 4510 1374 4575 Sed
1406 4511 1445 4574 de
