3609 5450
813 471 990 530 „19-

357 654 540 732 βουλομένοις
572 652 640 732 πρὸς
671 655 770 716 τοῦτον
799 652 977 730 διαλεκτέον,
1002 652 1079 726 θσπιο
1102 653 1239 734 τάχιστα
1260 659 1363 734 μέλλει
1385 658 1465 728 τὰς’

358 757 477 839 προέξεις
501 759 644 821 ἐπιτελεῖν
666 755 723 826 τοὶς
747 757 801 821 ὑπὸ
823 765 874 823 τοῦ
897 758 987 835 λόγου
1002 758 1195 831 amaturae.
1224 757 1230 770 ¹

403 862 494 933 Quod
527 858 666 925 omnibus
696 860 835 925 innotuit
865 866 1007 948 patetque
1029 862 1104 946 quid
1129 862 1290 948 diligenter
1312 867 1442 929 eircum-

357 965 488 1030 scribere
507 987 582 1050 opus
601 962 667 1028 sit¹.p
692 962 783 1033 Quod
803 966 856 1048 qui
878 967 953 1030 facit
976 966 1084 1029 merito
1107 968 1184 1029 risui
1204 972 1257 1031 eat.
1292 968 1442 1052 Nostrum

357 1091 428 1133 vero
466 1068 639 1132 istiusmodi
676 1068 869 1154 parenthesin
907 1092 969 1133 non
1008 1070 1192 1154 scripturum
1230 1071 1324 1134 fuisse
1361 1079 1442 1137 recta

361 1174 426 1256 ejus
457 1196 539 1236 mens
569 1195 603 1234 ac
626 1174 704 1237 ratio
729 1177 759 1237 et
782 1173 918 1237 limatius
942 1173 1063 1236 dicendi
1085 1194 1181 1258 genus
1204 1175 1327 1238 evincit.
1360 1176 1443 1239 Red·
1521 1188 1526 1201 '

362 1276 493 1340 dandum
516 1277 614 1362 igitur
636 1276 854 1363 Interpolatori
875 1280 980 1353 suum,
1003 1297 1092 1360 quern
1114 1282 1145 1342 et
1166 1278 1326 1343 indoctum
1342 1281 1443 1366 arguit

359 1379 483 1444 verbum
514 1379 684 1460 διασπείρειν
711 1403 771 1464 quo
794 1378 918 1443 barbare
946 1379 1064 1442 abusus.
1080 1385 1125 1444 est
1148 1402 1202 1465 pro
1226 1383 1350 1446 Graecis
1373 1405 1444 1468 pro-

359 1484 426 1568 prio
455 1483 512 1547 hae
542 1484 576 1546 in
605 1505 638 1546 re
668 1482 892 1558 ἐπιδείκνυσθαι,
922 1482 962 1546 ef.
993 1483 1076 1546 Orat.
1108 1482 1159 1545 IV
1185 1507 1213 1568 p.
1237 1491 1299 1562 49,
1329 1507 1354 1548 e.
1378 1486 1443 1550 XV

358 1609 387 1670 p.
418 1589 498 1662 344,
531 1607 556 1648 o.
586 1585 633 1649 vel
664 1585 797 1662 ἕπιδειέιν
823 1585 978 1664 ποιεῖσθαι,
1010 1586 1048 1649 ef.
1079 1585 1164 1650 Orat.
1198 1586 1249 1649 IV
1276 1612 1303 1674 p.
1333 1593 1393 1665 44,
1415 1589 1443 1654 b.

358 1689 423 1753 XV
456 1691 473 1771 d
499 1692 571 1751 158.
594 1686 676 1751 XVI
707 1711 735 1774 p.
759 1692 838 1765 353,
863 1687 890 1752 b.
937 1689 1007 1760 Quo
1038 1711 1129 1752 sensu
1160 1689 1284 1754 verbum
1314 1692 1444 1757 διασπεί-

360 1816 416 1870 ρειν
436 1792 627 1877 usurpaverit
645 1792 795 1855 Isocrates
816 1793 960 1878 cognosci
978 1796 1079 1878 potest
1098 1815 1135 1856 ex
1153 1794 1240 1857 Orat.
1266 1794 1303 1857 Π
1323 1819 1351 1881 p.
1364 1800 1404 1860 23
1418 1819 1442 1860 a.

361 1895 393 1955 V
416 1919 443 1981 p.
468 1899 548 1975 103,
571 1894 600 1959 b.
622 1894 687 1974 VI,
710 1918 738 1980 p.
763 1898 843 1973 132,
867 1917 891 1959 a.

670 2101 765 2185 Epist.
788 2101 806 2163 Ι
830 2103 848 2184 d
873 2104 933 2178 12,
955 2125 983 2203 p.
1008 2105 1090 2180 406,
1113 2124 1138 2166 c.

409 2305 485 2370 Post
514 2305 636 2392 longius
667 2307 825 2372 exordium
848 2307 970 2372 tandem
993 2308 1031 2372 ad
1054 2330 1117 2373 rem
1139 2310 1317 2395 aggreditur
1340 2316 1447 2376 auctor

361 2412 615 2496 exspectationem
646 2409 785 2489 lectoris,
816 2417 852 2477 ut
883 2413 1068 2477 audientiam
1099 2413 1158 2478 sibi
1189 2415 1297 2493 faciat,
1328 2417 1446 2501 erigens

360 2513 408 2576 his
432 2515 546 2580 verbis:
569 2515 733 2594 δηλώσομεν
757 2515 781 2578 δ’
792 2518 843 2580 οὐκ
864 2518 904 2588 εἷς
927 2517 1081 2594 οθναβολθις
1104 2516 1132 2581 εἴ
1143 2542 1217 2590 τινος
1237 2517 1310 2594 atto
1326 2518 1447 2599 τυνχοθ-

361 2641 445 2694 νομεν
476 2619 571 2695 θντες,
603 2623 674 2684 αλλ’
705 2621 737 2683 εά
760 2625 815 2684 τῶν
837 2621 1003 2702 ῥηθήσεσθαι
1026 2623 1203 2700 μελλόντων·
1226 2624 1337 2707 quibus
1360 2626 1447 2688 finita

361 2718 489 2785 habetur
518 2723 664 2809 Epistola.
711 2723 772 2787 Sed
802 2747 865 2789 eam
896 2726 935 2791 ob
966 2750 1086 2793 causam
1116 2734 1232 2813 partem
1255 2728 1395 2812 majorem
1418 2729 1446 2791 ei

363 2823 489 2888 deficere
511 2830 657 2910 suspicor.

820 3030 918 3115 Epist.
941 3032 982 3096 X.

405 3238 574 3317 Προπομποδ
597 3237 647 3301 καὶ
669 3236 828 3318 ῥαβδοῦχοι
851 3238 900 3302 καὶ
924 3240 1042 3320 κήρυκες
1065 3239 1115 3303 καὶ
1138 3238 1236 3321 θρθνιον
1255 3240 1448 3321 ὑψηλοτάτων

362 3340 505 3416 ε’πθτευξις
534 3340 712 3423 φιλοσοφίας
741 3341 809 3405 εἰσὶν
839 3342 958 3422 οθχλθς,
983 3342 1032 3407 καὶ
1056 3343 1303 3423 διαιρετιαοθτατος
1332 3348 1447 3431 πέφυκε

363 3448 419 3508 τῶν
441 3445 547 3524 οθρετῶν
569 3444 726 3523 χωρισμός.
762 3446 830 3534 Κτξ.

409 3546 482 3610 Sine
516 3546 607 3610 dubio
641 3547 720 3611 hane
755 3548 913 3633 epistolam
947 3550 1078 3615 Isocrati
1114 3550 1271 3635 abjudico,
1305 3576 1381 3637 quae
1414 3557 1448 3619 in

366 3648 517 3713 Vaticano
548 3650 663 3734 optima
695 3672 784 3713 causa
807 3653 916 3714 omissa
937 3658 1000 3731 est,
1029 3654 1168 3718 Baiterus
1191 3660 1222 3718 et
1245 3654 1299 3718 alii
1325 3658 1449 3724 uncinis

367 3752 568 3816 incluserunt.
615 3751 774 3821 Quantum
808 3752 902 3816 distat
936 3754 973 3817 ab
1006 3755 1093 3819 illius
1120 3757 1283 3835 modestia,
1306 3780 1395 3842 quam
1418 3768 1449 3827 et

366 3857 400 3918 in
422 3856 621 3922 Orationibus
644 3861 675 3920 et
694 3856 728 3919 in
747 3855 897 3941 Epistolis
921 3859 1138 3942 eognovimus!
1164 3860 1322 3931 Quantum
1334 3864 1450 3951 abspe-

368 3960 415 4023 cie
437 3962 548 4045 primae
570 3960 742 4046 Epistolae‚
765 3958 819 4023 ubi
842 3983 910 4024 cum
930 3964 1097 4026 reverentia
1116 3963 1210 4049 digna
1229 3970 1259 4029 et
1278 3968 1450 4034 urbanitate

369 4063 416 4126 vir
444 4065 579 4149 privatus
611 4064 707 4129 eidem
732 4069 861 4149 tyranno
887 4064 1039 4130 consiliari
1063 4069 1260 4153 aggreditur!
1292 4071 1451 4141 Quantum

368 4167 499 4251 denique
521 4167 557 4230 ab
580 4167 666 4233 illius
688 4191 799 4253 genere
823 4169 993 4233 scribendi!
1018 4171 1186 4236 Pulchrum
1203 4175 1347 4237 nimirum
1364 4197 1452 4238 exor-

369 4272 455 4335 dium
484 4271 570 4333 istud
587 4272 772 4351 decretnm3
804 4273 896 4356 idque
926 4277 962 4336 ut
992 4274 1081 4338 fidem
1112 4274 1235 4340 haberet
1270 4279 1452 4342 auctoritate

370 4375 548 4457 cujusquam
581 4375 731 4439 firmatum
760 4397 823 4439 non
845 4375 939 4439 vides.
973 4375 1079 4442 Cetera
1100 4401 1198 4463 nsque
1220 4379 1258 4443 ad
1280 4380 1452 4446 conclusio-

370 4499 439 4541 nem
468 4499 531 4540 non
562 4481 633 4541 sunt
663 4480 725 4544 nisi
754 4480 915 4566 impudens
946 4480 1122 4568 increpatio.
1167 4480 1254 4553 Quae
1284 4507 1379 4570 quum
1407 4488 1453 4552 ita
1549 4505 1553 4510 ·

1297 4600 1333 4656 2*
