3609 5450
697 453 875 514 ...31-

242 640 375 710 τὸτέλος
398 641 488 703 atrae
511 635 671 713 γενόμενον·
695 637 726 699 in
751 637 805 699 vit.
827 638 943 701 Anton.
963 658 988 699 c.
1011 636 1189 717 LXXXIV
1210 637 1278 715 μηδ’
1297 643 1326 705 έν

240 744 302 822 ἐμοὶ
322 742 446 822 περιῖδηο
466 739 706 822 θριαμβευόμενον
725 740 855 804 σεοιυπθν·
878 741 971 804 Brut.
979 763 1004 803 o.
1015 740 1114 805 XXV
1132 742 1198 813 τοὺς
1217 743 1325 807 έοιυνιῖν

241 850 370 927 περιοροῖν
393 846 571 916 duraedurae.
595 848 680 908 Arat.
704 865 728 906 c.
752 844 864 917 XLIV
886 847 923 915 ὡς
946 842 1086 924 ἄνθρωπον
1105 847 1135 908 οὐ
1156 847 1326 926 πονηρόν-

240 952 378 1030 περιῖδὼν
409 948 582 1029 πυρνινθμυς
612 947 822 1025 ἀπολλύμενον.
863 949 922 1012 Sed
946 948 1005 1011 levi
1036 949 1205 1011 mutatione
1227 973 1325 1014 emen-

242 1053 375 1117 dandum
405 1058 450 1116 est
478 1050 732 1130 πνιρορώμενος
754 1052 773 1114 i.
798 1074 821 1114 e.
846 1058 1025 1128 contemtus,
1048 1051 1129 1134 quod
1153 1052 1228 1116 bene
1252 1075 1324 1117 con-

241 1158 327 1220 venit
353 1178 420 1219 cum
452 1155 645 1218 antecedenti
676 1153 851 1236 οῖποῤῥιφεέρ.
886 1155 1091 1218 Luculentum
1111 1155 1212 1220 locum
1233 1180 1325 1243 appo-

241 1283 312 1324 nam
341 1283 365 1323 e.
396 1282 420 1323 c.
452 1258 555 1324 XXII
586 1258 730 1323 meds‘o
761 1255 889 1329 δὀθπυς
920 1257 1084 1337 ἐξημέλησε
1104 1259 1154 1323 aa>
1177 1261 1326 1340 παρεῖδε

241 1364 291 1427 aa}
313 1361 592 1445 οῖπέρριφεννιύσθν,
615 1358 689 1425 dora
712 1361 788 1425 κσὲ..
850 1416 852 1421 ,

735 1565 755 1629 ι.
779 1569 846 1660 ει.Ι

284 1775 444 1853 Ἐξηπθποι
467 1771 634 1852 θ’ἕκνθπερον
654 1770 787 1852 ἒκοέπερος
809 1770 921 1849 λέγων,
943 1773 980 1843 ὡς
1003 1769 1102 1853 ἅτερος
1120 1777 1325 1855 ἐπιπρεσβεύε-

240 1905 290 1946 πνιι
314 1880 381 1960 πρὸς
404 1879 451 1944 σὸν
474 1875 656 1958 Ἀρτοξέρξην
677 1875 789 1958 φιλέειν
804 1875 880 1956 μόνῳ
903 1874 1038 1956 προθππυν
1062 1878 1154 1958 {murgi
1177 1877 1228 1942 κνιῖ
1251 1904 1325 1958 συμ·

240 1984 370 2065 μοιχίοιν·
395 1985 506 2058 οὐκοῦν,
529 1984 553 2047 εἷ
576 1987 737 2064 σωφρονεῖ,
752 1987 858 2060 χρῆναι
882 1979 1013 2061 πρότερον
1041 1980 1232 2059 ἐντυγχάνειν
1254 1984 1326 2048 έκεῖ-

241 2113 294 2166 νιρ,
325 2087 411 2152 αὑτὸν
441 2087 471 2150 δὲ
500 2083 680 2165 συμπροθξειν
710 2080 843 2149 θπνινπυ.
889 2085 1009 2155 Τούτοις
1032 2085 1203 2160 ἐπείσθησοιν
1225 2088 1327 2169 θμφθ·

243 2214 331 2271 περοι,
361 2190 410 2255 κυεῖ
433 2190 582 2271 φθονεῖν
604 2187 786 2262 ἀλλήλοις
810 2185 1005 2266 νομίζοντεςθ
1031 2188 1085 2265 μέν
1107 2190 1147 2268 σῷ
1170 2189 1316 2270 Τηριβθζ,

242 2295 412 2374 συνέπεμψε
436 2292 575 2375 πρέσβεις
594 2293 608 2356 o‘
627 2290 656 2354 δὲ
678 2293 718 2371 τῷ
741 2291 832 2356 ποιιδί.

283 2399 396 2481 φθονεῖν
428 2398 568 2472 ἀλληλοις
602 2394 759 2475 νομίζοντες
794 2396 821 2458 ai
851 2395 960 2459 referre
989 2395 1082 2460 velles
1111 2397 1150 2461 ad
1172 2398 1327 2466 ..Teribazi

240 2502 405 2580 fallaciam,
439 2524 498 2586 qua
531 2522 616 2586 reges
650 2499 807 2563 induxerit
840 2503 876 2563 nt
911 2499 1039 2563 alterum
1073 2500 1161 2566 alteri
1191 2503 1328 2568 invidere

241 2607 455 2692 opinarentur,
487 2604 667 2668 sententiam
698 2603 819 2687 quidem
844 2602 975 2686 aliquam
998 2606 1127 2670 existis
1150 2606 1250 2671 verbis
1273 2629 1326 2672 ex-

241 2714 414 2800 torquereS,
437 2729 527 2791 quam
546 2713 647 2771 tamen
668 2728 769 2770 revera
791 2728 853 2769 non
874 2708 1041 2772 continent.
1073 2709 1326 2797 Quodverosig-

237 2812 370 2885 ,nificant
393 2819 507 2886 “more,
526 2832 583 2871 ιιειι
602 2809 687 2871 sotira·
709 2810 768 2871 citi
790 2812 916 2873 ιἰιυῖσουο
937 2812 1097 2874 νἰνυὶσθοιο”
1116 2835 1217 2877 omnes
1237 2837 1325 2878 sanae

241 2916 352 2979 mentis
363 2913 541 3000 respuerint.
566 2912 624 2975 Sed
635 2910 689 2975 illo
702 2934 801 2989 sensu,
812 2934 901 2995 quem
913 2913 986 2989 dixi,
999 2914 1192 2979 scribendum
1202 2921 1265 2982 erat
1277 2917 1326 2982 τὸν

240 3015 333 3098 ἕτερον
356 3016 462 3097 θοῖπέριρ
485 3016 598 3098 φθονεῖν
620 3013 786 3094 νομίζοντες.
820 3015 864 3077 At
886 3038 925 3078 ne
948 3016 993 3079 sic
1016 3017 1137 3100 quidem
1167 3021 1326 3084 concinni-

239 3123 298 3186 tati
322 3121 526 3197 consalutatio,
549 3121 621 3204 quia
642 3119 724 3202 quod
746 3119 900 3203 praemitti
924 3117 1048 3183 debebat
1065 3123 1205 3186 effectum
1221 3146 1325 3208 seque-

240 3231 340 3306 retur,
371 3226 482 3290 etenim
514 3224 547 3289 πὸ
578 3230 662 3289 τοῦτο
694 3220 815 3302 νομίζειν
846 3244 937 3287 causa
967 3224 1076 3288 fuisset
1097 3232 1146 3290 που
1170 3226 1325 3294 πείθεσθοοι.

242 3330 327 3400 Quid
362 3330 479 3415 igitur?
525 3328 602 3392 Lavi
636 3328 805 3392 mutatione
839 3325 907 3390 loco
945 3329 1081 3391 succurri
1115 3334 1223 3414 potest.
1264 3332 1325 3397 Pro

243 3442 427 3497 ΦΘΟΝΕΙΝ
457 3442 677 3497 ΑΑΛΗΛΟΙΣ
701 3430 894 3495 scribendum
918 3433 1027 3516 utique
1049 3442 1232 3499 ΦΘΑΝΕΙΝ
1253 3446 1326 3501 ΑΛ-

241 3544 431 3611 ΛΗΛΟΎΣ,
452 3535 534 3617 quod
554 3540 622 3620 apte
640 3536 804 3620 respondet
823 3535 963 3607 Teribazi
982 3536 1203 3616 exhortationi,
1223 3541 1326 3622 itaque

242 3637 558 3724 concinne'procedit
585 3640 690 3701 oratio.
726 3637 872 3701 Teribazo
904 3640 985 3703 enim
1014 3645 1044 3704 et
1075 3641 1155 3719 filio,
1184 3644 1237 3726 qui
1261 3665 1326 3707 mo-

240 3747 374 3807 nuerunt
395 3749 502 3823 χρνῖνοιι
527 3738 657 3820 πρότερον
676 3740 867 3819 ἕνπυνχοῖνειν
886 3741 994 3821 ἐκείνῳ,
1012 3764 1097 3828 rages
1120 3744 1326 3832 obtemperan-

240 3851 288 3909 tes
318 3846 465 3930 putabant
496 3866 528 3907 oe
557 3844 683 3906 ιἰνυῖοοιν
715 3844 894 3906 antevenire.
941 3844 1012 3907 Hoc
1039 3845 1218 3928 jamdudum
1253 3873 1325 3916 con-

237 3950 365 4034 jeceram
388 3970 483 4032 qnum
507 3948 638 4035 cognovi
661 3947 752 4012 etiam
774 3946 958 4030 Bryantium
981 3947 1090 4013 itidem
1113 3953 1290 4037 conjecisse.

740 4155 759 4219 l.
783 4158 837 4218 43.

283 4362 357 4430 ὥστε
379 4364 445 4435 τοὺς
468 4361 576 4435 ἄλλους
595 4364 765 4457 ππεροῦσθοιι
784 4361 836 4428 aci
854 4364 1139 4447 συνεπικουφίζεσθαι
1157 4367 1324 4442 σηνὲιιείνου

238 4468 396 4552 προθυμίνιν
417 4466 467 4532 aad
489 4468 582 4548 ῥώμην
604 4466 735 4546 ὁρῶντος.
