3609 5450
829 546 985 605 ..5-

364 729 416 806 εἴή.
451 732 512 795 Res
536 732 632 809 enim,
659 753 735 815 quae
756 729 807 794 hio
830 731 978 808 sumitur,
1000 730 1125 793 omnino
1148 730 1212 795 fieri
1234 754 1296 796 non
1318 737 1445 819 poteret

364 833 410 898 Of.
434 833 564 898 Kiihner
586 835 673 918 Synt,
696 835 800 898 Graec.
824 834 869 898 ed.
893 831 1030 897 Matthes
1055 833 1072 913 d
1098 835 1172 898 101.

536 1041 666 1105 Oratio
690 1039 953 1106 Demosthenis
977 992 1271 1124 deSymmoriis.

408 1247 425 1329 p
450 1250 499 1309 22.
521 1245 571 1310 τὸν
593 1245 623 1309 δὲ
644 1247 812 1328 τριήραρχον
835 1243 958 1310 ἕκαστον
976 1246 1040 1310 καθ’
1058 1241 1179 1311 ἕκαστον
1202 1247 1316 1327 νεώριον.
1351 1248 1447 1314 Recte

361 1349 518 1423 Bekkerus
537 1350 613 1437 legit
634 1352 820 1433 τριήραρχον,
844 1372 906 1414 non
929 1348 1190 1430 ταξίαρχον,.ιικιο
1210 1352 1340 1436 primum
1358 1352 1446 1417 trier-

362 1451 520 1517 archorom
549 1458 613 1518 eret
634 1476 726 1518 noves
749 1455 900 1518 instruere
922 1457 1068 1539 apparatu
1087 1455 1230 1531 mention,
1252 1459 1320 1519 tum
1341 1456 1375 1518 in
1398 1480 1446 1520 se.-

361 1557 525 1640 quentibus
555 1558 670 1643 legitur
700 1553 766 1622 εἶτα
796 1558 958 1639 τριήραρχοι
988 1557 1079 1634 τίνες,
1110 1580 1171 1621 non
1201 1557 1367 1639 ταξίαρχοι.
1413 1560 1446 1624 Si

361 1666 462 1724 autem
490 1661 655 1725 retinemus
671 1662 869 1742 τριήραρχον,
896 1683 951 1748 pro
974 1660 1077 1741 νεώριον
1100 1660 1262 1748 legendum
1284 1663 1444 1740 νεώσοικον,

360 1769 397 1828 ut
419 1767 503 1849 patet
526 1787 563 1828 ex
586 1764 850 1850 praecedentibus:
873 1763 949 1839 ώτας
973 1766 1010 1836 cir
1033 1755 1181 1841 ἐγγύτατ’
1203 1766 1341 1841 αλλήλων
1364 1765 1446 1830 κατὰ

361 1867 502 1949 τριάκοντ’
524 1864 573 1932 ώοι
596 1867 731 1933 νεώσοικοι
751 1908 794 1918 —-
814 1870 863 1934 καὶ
885 1867 1040 1949 τριώκοντα
1062 1868 1180 1949 τριήρεις
1203 1869 1310 1933 τούτων
1333 1868 1446 1950 ἓκώστῳ

363 1979 530 2051 προσνεῖμαι
552 1977 608 2037 τών
631 1973 735 2039 τόπων.
782 1972 920 2060 Singulis
942 1974 1021 2036 enim
1045 1971 1219 2037 trierarchis
1242 1973 1357 2059 singuli
1380 1973 1445 2038 νεώ-

361 2098 463 2149 σοικοι,
488 2075 683 2164 singulaeque
704 2076 822 2158 τριήρεις
844 2076 940 2140 tribui
964 2074 1119 2140 debebant.

408 2284 425 2365 d
451 2286 500 2347 35.
523 2283 667 2364 κρείττους
689 2287 745 2348 τών
767 2261 907 2362 τροώοτών
928 2281 977 2346 καὶ
1000 2287 1050 2346 τοῦ
1073 2279 1226 2362 βαρβώρον
1248 2280 1362 2346 ἔσεσθαι
1377 2280 1445 2361 τρὸς

360 2381 511 2458 ἅπαντας.
558 2387 644 2451 Haec
666 2387 756 2450 verba
779 2387 951 2472 significare
975 2386 1117 2449 videntur
1139 2406 1190 2449 eos
1214 2389 1319 2450 contra
1341 2407 1444 2450 omnes

359 2487 496 2553 feliciore
524 2511 667 2554 successu
696 2495 885 2577 pugnaturos
913 2511 1001 2573 quam
1025 2489 1196 2575 proditores
1217 2495 1248 2553 et
1270 2489 1445 2554 Barbarum.

361 2591 446 2654 Talis
477 2615 583 2656 sensus
609 2592 685 2656 mihi
716 2592 950 2657 absurdissimus
981 2593 1110 2656 videtur.
1143 2592 1322 2678 Legendum
1347 2593 1445 2679 igitur

361 2715 469 2757 censeo
500 2694 568 2775 τρὸς
598 2692 736 2774 ώταντα,
759 2717 818 2780 qno
840 2695 1009 2760 mutatione
1030 2699 1166 2781 recepto,
1186 2694 1273 2760 locus
1295 2697 1447 2784 interpre-

358 2798 472 2860 tandus
495 2800 553 2861 erit
575 2799 634 2861 sic:
658 2808 736 2861 “vos
760 2821 874 2884 semper
896 2801 926 2862 et
948 2799 1060 2882 ubique
1082 2799 1244 2864 validiores
1267 2801 1352 2863 eritis
1374 2823 1444 2885 prc-

360 2899 511 2965 ditoribus
534 2905 564 2965 et
586 2899 738 2965 barbar0.'’

381 3108 511 3171 Oratib
538 3105 834 3192 [Demosthenis]
862 3107 906 3171 de
927 3106 1076 3171 foedere
1099 3129 1178 3171 cnm
1200 3107 1422 3173 Alexandro.

404 3316 422 3398 b
452 3319 503 3380 17.
530 3316 572 3380 τοι
598 3315 652 3393 μὲν
683 3314 899 3392 ἐπιβουλεύοντι
928 3314 970 3379 τώ
996 3313 1026 3377 δὲ
1052 3310 1220 3393 τρώττονοι.
1267 3315 1327 3379 Pro
1350 3315 1445 3395 τρώτ-

358 3442 437 3482 τονσι
460 3417 620 3504 legendum
642 3417 827 3500 ταρώττονσι.
851 3419 986 3483 Verbum
1010 3416 1168 3498 τρώττοντι
1187 3418 1269 3481 enim
1286 3441 1349 3482 non
1370 3441 1444 3482 con·

334 3596 338 3604 ι
358 3522 438 3586 tinet
461 3519 736 3607 reprehensionem,
762 3545 839 3607 quae
856 3521 908 3586 hic
922 3522 1104 3606 requiritu13
1122 3520 1248 3586 verbum
1265 3521 1441 3604 ταρώττονοι

360 3630 460 3689 autem
488 3626 608 3711 egregie
636 3628 778 3689 convenit
802 3647 870 3688 cum
893 3624 994 3689 verbis
1017 3624 1237 3701 ἐπιβουλεύοντι
1257 3630 1288 3691 et
1310 3649 1443 3703 καταχε-

356 3733 429 3793 νιώοι
452 3737 505 3834 τής
527 3736 618 3802 κοινής
641 3727 754 3807 εἰρήνης.
997 3730 999 3733 ⁴

692 3933 873 3998 Isocratis
903 3930 1114 4018 Philippus.

405 4141 423 4223 d
448 4144 519 4205 127.
542 4142 677 4222 Προςήκει
700 4140 729 4203 δὲ
751 4146 810 4211 τοῖς
833 4137 886 4216 μὲν
909 4136 1010 4209 ἄλλοις
1032 4143 1091 4208 τοῖς
1113 4138 1171 4218 ἀφ’
1193 4137 1365 4217 Ἡρακλέους
1388 4160 1441 4201 τε·

357 4242 464 4326 φνκώοι
494 4245 543 4309 καὶ
574 4253 632 4317 τοῖς
663 4246 691 4309 ἐν
714 4242 848 4325 πολιτεία
870 4240 920 4305 καὶ
944 4241 1036 4319 νόμοις
1060 4239 1255 4318 ἐνδεδεμένας.
1303 4239 1440 4323 Conjnn-

358 4348 421 4412 ctio
452 4347 501 4412 καὶ
530 4348 676 4432 ejicienda
698 4352 751 4411 est.
775 4348 848 4411 Non
871 4345 951 4408 enim
974 4367 1040 4421 eos,
1065 4344 1118 4427 qni
1141 4341 1322 4426 reipublicae
1343 4342 1440 4406 forma

358 4455 389 4515 et
411 4451 533 4539 legibus
557 4452 696 4516 adstricti
719 4454 820 4528 erent,
844 4449 1031 4533 distinguere
1054 4446 1153 4510 voluit
1176 4448 1276 4508 orator
1298 4444 1335 4508 ob
1359 4445 1440 4509 Her-

357 4556 437 4622 culis
466 4555 644 4642 nepotibus,
670 4555 726 4619 -sed
761 4557 867 4618 contra
904 4550 963 4615 hoc
996 4551 1091 4614 dicit:
1126 4549 1261 4613 omnium
1296 4548 1440 4613 Herculis
