3609 5450
936 492 1112 554 „92-

481 681 512 742 et
539 673 656 756 ἕρνγμοο
681 674 737 760 (ab
767 673 853 756 ἐρύκω
883 675 1059 760 formatum)
1084 671 1158 738 alibi
1180 671 1239 737 hoe
1261 695 1353 738 sensu
1374 674 1562 757 inveniatur3

379 855 385 868 ι
479 801 566 844 sumo
587 781 722 855 tantum,
744 799 781 842 ex
803 776 858 841 illa
878 775 1010 842 lectione
1031 775 1111 840 hane
1129 773 1563 862 explicationemaseholiasta

480 883 590 948 confici
612 880 759 949 debuisse.

522 986 613 1050 Alius
635 983 812 1049 scholiastes
835 981 873 1046 ad
894 982 1014 1046 eosdem
1037 1004 1159 1047 versus:
1182 982 1277 1047 λείπει
1300 983 1333 1047 τό
1356 980 1433 1056 όπως
1454 984 1564 1069 (voluit

476 1092 604 1156 fortasse
625 1089 659 1154 πό
681 1087 776 1173 όίσπε)·
799 1087 849 1151 aa}
872 1086 906 1151 πό
929 1087 996 1151 ίδεῑν
1018 1086 1083 1151 άνπί
1106 1092 1157 1151 ποῦ
1180 1084 1242 1152 ίδον.
1264 1088 1278 1151 ό
1296 1088 1326 1151 δὲ
1349 1095 1427 1164 νοῦς,
1441 1087 1564 1160 όπωςάν

477 1219 521 1266 σος
543 1198 628 1260 τοῦτο
650 1190 719 1267 ίδοι,
740 1189 896 1271 σωζόμενον
918 1189 967 1254 τὸν
985 1189 1087 1270 ρ’νόμόν
1109 1190 1221 1267 όμωλόν
1243 1190 1293 1254 aa}
1312 1191 1565 1269 εὕποοκπον,κοοπά

476 1297 525 1362 τὸν
559 1296 657 1375 δρόμον
690 1299 746 1360 πῶν
776 1291 935 1370 άννομένων
969 1292 1157 1377 πωμάτων.
1202 1294 1325 1359 Praeter
1357 1295 1472 1377 όρεγμοο
1498 1295 1565 1374 hie,

476 1400 614 1484 quamvis
637 1399 755 1483 inepte,
777 1395 902 1461 verbum
924 1399 1026 1460 tamen
1049 1396 1086 1460 de
1108 1374 1198 1460 verto
1211 1419 1386 1484 expressum
1396 1404 1451 1463 est.
1483 1401 1565 1464 Nam

476 1503 588 1582 όμωλόν
609 1500 658 1566 κοί
682 1499 822 1565 εόπωκτον
844 1499 998 1564 referenda
1021 1505 1094 1564 sunt
1117 1499 1296 1566 οᾶδάπεδον.
1320 1501 1422 1567 Schol.
1440 1502 1563 1568 Villois.

477 1606 516 1671 ad
536 1606 637 1670 ·Hom.
667 1603 705 1668 Il.
735 1602 794 1666 IV.
826 1607 854 1666 2.
877 1602 999 1668 δάπεδον
1022 1602 1108 1668 δὲτὸ
1131 1604 1243 1681 όμοολὸν
1265 1606 1386 1686 χωρίον,
1410 1610 1441 1671 et
1462 1605 1564 1670 Schol.

477 1710 515 1774 ad
542 1731 570 1773 v.
602 1711 664 1775 797
679 1726 787 1792 'supra
819 1705 932 1789 (ῥυθμόν
955 1742 1000 1754 —
1030 1703 1164 1793 δάπεδον)
1188 1709 1254 1773 dari
1277 1715 1328 1774 ποῦ
1351 1710 1492 1775 εόποοκπον
1514 1708 1564 1773 aad

475 1813 519 1892 pt
541 1817 686 1892 προοχεῖοον
709 1809 831 1890 πορείοον.
853 1847 898 1858 -
921 1809 1015 1872 Varia
1034 1807 1126 1873 lectio
1143 1810 1365 1888 πνμάπωνοκ
1376 1812 1435 1877 hoe
1447 1811 1564 1876 scholio

476 1936 493 1979 a
515 1913 656 1978 Turnebo
678 1919 797 1998 recepta
819 1914 872 1977 est.
918 1911 966 1974 De
995 1932 1055 1995 qua
1081 1912 1212 1977 iudicari
1234 1937 1297 1979 non
1319 1920 1436 2000 potest,
1454 1916 1517 1979 nisi
1529 1914 1565 1978 de

476 2040 567 2083 sensu
589 2023 619 2082 et
641 2022 739 2081 metro
761 2016 858 2080 totius
882 2014 1023 2100 strophae
1046 2017 1228 2082 eonstiterit.
1261 2018 1437 2084 Postremus
1459 2039 1563 2086 versus

476 2120 668 2187 commodari
689 2119 781 2184 habet
801 2121 931 2183 metrum
956 2118 1077 2203 (antisp.
1101 2140 1125 2182 c.
1145 2120 1296 2205 penthemss
1308 2122 1395 2187 iamb.
1408 2124 1446 2188 of.
1459 2124 1562 2189 Herm.

475 2225 571 2292 Elem.
601 2248 629 2311 p.
662 2223 759 2308 230),
788 2227 819 2286 et
842 2222 879 2285 ad
901 2222 990 2286 illum
1013 2221 1187 2308 strophious
1210 2225 1299 2289 facile
1321 2229 1562 2311 potest'aoeom·

475 2329 593 2394 modari
629 2325 745 2415 (ἔλωκον
767 2320 788 2389 ὦ
811 2330 868 2390 Ζεῦ
891 2324 928 2389 σύ
951 2349 991 2390 νιν
1008 2325 1200 2412 φυλάσσοις).
1234 2329 1391 2405 Ἀνομόνων
1418 2330 1563 2408 πωμάτων

476 2433 594 2515 ἔρννμω
627 2430 827 2516 significaret:
855 2427 952 2514 fiais,
981 2450 1004 2491 ο.
1032 2430 1180 2492 terminas
1200 2431 1347 2494 νοοίοννννν
1368 2433 1563 2512 irruentium,

476 2558 537 2620 qno
560 2536 683 2600 nomine
703 2535 817 2598 factum
841 2532 973 2609 OrestiS,
995 2554 1055 2616 quo
1074 2538 1218 2619 perpetua
1244 2539 1333 2599 serres
1355 2536 1503 2601 malorum
1526 2537 1563 2603 ab

477 2640 602 2725 antiquo
633 2637 706 2702 inde
738 2643 872 2723 tempore
905 2637 939 2700 in
969 2637 1114 2700 familiam
1144 2637 1358 2725 Pelopidarum
1380 2641 1561 2706 irruentium

477 2743 655 2821 finiebatur,
685 2742 827 2830 appellari
858 2746 968 2829 posset.
1013 2742 1063 2806 Ad
1087 2764 1152 2807 earn
1174 2746 1354 2809 sententiam
1376 2745 1493 2830 reliqua
1515 2769 1561 2810 re·

478 2850 590 2935 fingere
622 2847 712 2912 facile
746 2850 809 2911 est:
843 2843 877 2910 ἵν’
906 2844 1103 2929 ἦσωζόμενον
1124 2848 1226 2928 propa
1248 2852 1327 2914 τοῦτ’
1349 2850 1417 2915 ίδεῑν
1440 2850 1562 2915 δάπεδον

478 2953 516 3037 (s.
545 2950 704 3036 γάπεδον),
733 2950 876 3030 άνομένων
906 2950 1051 3028 πωμάτων
1074 2949 1199 3031 ἔρνγμοο.
1245 2952 1305 3015 Sed
1328 2958 1358 3016 et
1381 2953 1562 3018 vocabulum

478 3054 594 3136 ἔρννμοο
629 3056 696 3141 (pro
730 3076 790 3139 qno
824 3054 918 3136 ἔρνμοο
940 3054 1069 3119 scribere
1091 3056 1337 3140 matrumvetat)
1358 3062 1392 3120 et
1414 3057 1507 3122 lectio
1529 3058 1563 3121 in

477 3157 602 3245 stropha
626 3159 698 3221 adeo
721 3164 795 3222 sunt
818 3157 923 3234 dubia,
945 3162 981 3221 nt
1004 3144 1059 3242 ego
1084 3157 1121 3221 de
1142 3157 1351 3221 emendatione
1370 3159 1530 3243 desperem.

523 3266 597 3326 811.
620 3258 796 3342 δνοφεράς
818 3260 1001 3339 κωλόππρως.
1035 3258 1136 3323 Sehol.
1160 3264 1210 3324 ποῦ
1232 3260 1350 3332 σκότους
1372 3259 1476 3340 habet,
1491 3285 1565 3350 ergo

477 3364 596 3451 legebat
618 3363 808 3444 δνοφεράν.

523 3470 596 3530 813.
618 3464 840 3547 ἐπίφοράποοπος.
875 3462 976 3528 Schol.
1003 3464 1040 3536 ὦς
1063 3463 1110 3528 ἐπὶ
1133 3465 1241 3543 άνέμοο
1263 3461 1360 3544 εἶπεν,
1388 3468 1454 3533 dari
1476 3471 1564 3536 ποῦό

476 3571 681 3651 λονοκόποοπος.
725 3569 818 3655 Legit
851 3566 929 3633 ἕπεο
963 3567 1187 3650 φοράποοπος.
1232 3570 1363 3636 Suidas:
1392 3574 1504 3656 φορὸς
1534 3575 1579 3646 δὲ,

477 3675 613 3753 όξνπόνως
643 3675 656 3739 ό
686 3672 842 3748 ἐπιτήδειος
871 3670 986 3750 άνεμος.
1032 3672 1123 3736 Diod.
1146 3674 1206 3737 Sic.
1233 3674 1323 3739 XIV.
1348 3679 1398 3739 55.
1423 3681 1511 3756 φοροῦ
1534 3678 1563 3741 δὲ

477 3780 645 3857 πνεόμωπος
667 3776 752 3850 όνπος.
784 3776 860 3842 ΧΧ.
881 3782 932 3845 96.
954 3781 1042 3860 φοροῦ
1064 3776 1095 3840 δὲ
1117 3777 1285 3856 πνεόμοοτος
1312 3781 1409 3851 ωὐποῖς
1432 3781 1563 3858 ε’πννενο·

478 3883 572 3964 μόνον.
618 3881 811 3964 Hermannus
834 3882 933 3945 allatis
957 3879 1053 3945 Thac.
1083 3882 1146 3945 HI.
1170 3885 1220 3948 74.
1233 3882 1356 3958 ‘Mane
1369 3883 1507 3949 Hermot.
1520 3890 1561 3950 28

481 3986 551 4074 (sub
583 3986 647 4069 fin.)
678 3985 814 4055 ostendit
839 3986 977 4066 Ιἐπίφορος
1000 3984 1152 4050 etiamde
1173 3989 1264 4049 vento
1287 3986 1365 4065 dioi3
1387 4008 1492 4052 verum
1511 3990 1563 4054 de-

479 4089 710 4157 monstrandum
736 4088 827 4152 simul
856 4093 920 4152 arat
941 4087 1075 4171 ἐπίφορος
1099 4088 1136 4152 de
1157 4110 1293 4153 sermone
1317 4092 1470 4176 usurpari3
1492 4115 1563 4157 nam

480 4194 666 4261 scholiastes,
688 4192 774 4255 addit
803 4191 817 4255 ὅ
839 4190 1045 4268 λοννκόπωπος.
1090 4191 1176 4257 Haeo
1201 4193 1364 4279 explicatio
1382 4198 1503 4260 tantum
1525 4218 1563 4260 ex

480 4297 564 4363 ἔπει
586 4296 752 4381 φορόπνπος
774 4296 867 4362 fluere
889 4296 999 4381 potnit.
1044 4295 1160 4360 Versus
1179 4295 1562 4385 strophieusoptimeeon-

482 4402 559 4467 cinit
583 4424 651 4468 oum
673 4401 730 4466 hae
753 4400 898 4478 lectione,
922 4423 968 4464 me
990 4400 1094 4464 indiae
1118 4400 1280 4464 verissima.

527 4508 600 4571 827.
634 4506 670 4571 σὺ
691 4505 720 4569 δὲ
742 4505 866 4585 όοορσῶν,
894 4500 964 4569 όπων
986 4501 1040 4587 ἥκρ
1060 4503 1144 4584 μέρος
1167 4502 1255 4585 ἔργον
1276 4504 1430 4578 Ἐποοΰσοος
1451 4504 1561 4586 πατρὸς
