3609 5450
817 497 994 560 ...pla-

364 691 392 748 et
415 682 548 747 omuibus
561 680 731 763 praesidiis
752 680 887 744 deductis
910 682 1090 764 appropiatio
1112 681 1236 745 dimissa
1258 681 1344 747 esse”
1363 682 1442 748 dici-

362 791 429 864 tur3
461 784 559 870 capite
587 787 627 847 65
659 783 775 847 dictum
807 788 853 849 est
882 789 1016 862 tantum,
1046 791 1185 847 “matata
1206 787 1322 849 roboare
1348 787 1422 850 belii

361 889 638 952 castrametandum
659 909 739 952 mere
762 909 824 951 esse
836 886 960 972 fecte.''

405 991 489 1078 Ergo
518 995 549 1056 et
581 993 678 1055 castra
700 990 779 1077 apud
803 990 1046 1076 Dyrrhscchium
1069 990 1168 1056 adhuc
1190 997 1275 1056 erant
1296 999 1442 1080 occupata

361 1101 391 1160 et
413 1096 612 1172 munitiones,
634 1116 711 1179 quae
731 1093 854 1180 longius
877 1117 894 1160 a
913 1097 989 1187 mari
1008 1095 1147 1173 aberant,
1166 1117 1184 1158 a
1202 1096 1360 1181 praesidiis
1376 1098 1441 1164 suis

360 1200 496 1265 nondum
518 1201 603 1262 erant
624 1196 761 1275 relictae,
783 1198 863 1264 unde
884 1199 974 1263 facile
993 1200 1187 1286 perspicitur,
1206 1198 1359 1265 Caesarem
1379 1223 1410 1267 n.
1420 1201 1440 1266 1.

361 1305 398 1368 16
427 1308 510 1389 parte
540 1303 709 1388 copiarum,
739 1302 836 1388 capite
867 1324 937 1368 vero
969 1307 1009 1369 75
1040 1303 1077 1367 16
1098 1306 1166 1368 toto
1188 1304 1324 1369 exercitu
1345 1305 1442 1371 facere

360 1408 550 1471 mentionem.
595 1404 666 1468 Jam
689 1405 788 1491 capite
811 1411 850 1471 67
876 1407 920 1471 116
941 1406 1090 1493 legimus:

405 1511 519 1574 “Heac
542 1509 685 1592 tepioaem
706 1529 830 1589 sperans
855 1513 1018 1574 Caesares
1039 1510 1202 1594 opprimere
1216 1531 1308 1591 posse
1331 1548 1375 1558 -
1393 1533 1439 1574 re·

360 1615 452 1699 liquit
474 1614 507 1676 ie
531 1633 616 1694 opere
637 1613 769 1676 cobortes
791 1614 883 1689 dces,
907 1635 984 1698 qaae
1008 1615 1133 1698 speciem
1156 1614 1332 1678 maritime
1347 1637 1441 1699 prae·

359 1720 474 1782 terent:
497 1718 623 1798 1166-
642 1716 776 1800 reliquos
798 1718 929 1781 cobortes
950 1739 1069 1782 nomem
1092 1718 1249 1782 XXXIII
1266 1716 1395 1783 ederit?

404 1822 551 1904 Reliquae
573 1819 669 1907 igitur
697 1819 836 1886 cohortes
860 1826 933 1886 runt
954 1844 1021 1901 ese,
1043 1845 1134 1908 quae,
1156 1822 1285 1908 demptis
1308 1821 1440 1901 duabus,

360 1929 541 2012 supererant.
585 1923 687 1990 Aliam
719 1925 999 2011 interpretationem
1032 1925 1118 1990 locus
1150 1948 1212 1990 nou
1244 1928 1378 2011 patitur,
1412 1927 1439 1990 si

359 2030 498 2115 syntaxis
526 2029 605 2094 ratio
635 2027 779 2094 habeatur
808 2029 901 2114 idque
927 2031 993 2115 ipse
1014 2030 1168 2115 Nippend.
1190 2029 1323 2108 indicat,
1344 2050 1439 2112 quum

360 2157 426 2220 pag.
458 2136 519 2199 177
545 2153 616 2219 suas
638 2132 782 2196 editionis
805 2131 882 2196 dicit
906 2133 1047 2195 “Deinde
1068 2134 1147 2217 qaod
1166 2133 1304 2216 deinceps
1329 2135 1439 2196 Caesar

359 2239 492 2322 reliquas
512 2237 643 2299 cobortes
662 2237 705 2299 ad
723 2236 866 2319 iepioaem
882 2236 1024 2320 Pompeji
1040 2238 1260 2317 opprimendae
1275 2259 1307 2300 se
1318 2235 1439 2300 1661666

358 2343 447 2416 dicit,
458 2363 556 2404 omme
566 2340 684 2424 copes,
695 2362 771 2424 qaae
778 2347 901 2424 praeter
912 2342 968 2403 tas
978 2341 1111 2417 cohortes
1123 2341 1174 2426 (sc.
1184 2341 1261 2404 ilias
1272 2337 1438 2425 XXXIII)

358 2448 500 2522 6161611,
522 2445 687 2507 incastris
709 2443 832 2508 relictas
854 2465 917 2507 esse
939 2444 1129 2507 manerat.
1174 2448 1216 2507 Ar
1234 2444 1318 2527 ioppe
1333 2443 1438 2524 plures

359 2547 488 2611 XXXV
505 2549 672 2611 cohortibus
695 2555 758 2610 tura
781 2549 909 2633 affuisse
929 2548 980 2611 oei
999 2570 1036 2611 ee
1056 2548 1156 2631 cupite
1180 2551 1220 2613 75
1244 2545 1404 2632 videmus?

403 2652 517 2714 Verum
547 2672 609 2714 uon
639 2655 718 2727 erat,
741 2672 796 2714 our
818 2650 891 2715 adeo
913 2651 1072 2715 miraretur
1094 2674 1121 2716 v.
1144 2650 1198 2729 61,
1221 2650 1296 2715 duas
1318 2654 1437 2715 tantum

359 2752 498 2818 cohortes
527 2754 560 2817 in
592 2755 700 2818 castris
721 2756 898 2819 remansisse
909 2754 936 2838 1)
960 2776 1057 2838 neque
1078 2755 1256 2820 incredibile
1277 2760 1340 2833 est,
1361 2753 1437 2819 an-
1563 2841 1565 2846 Ι

360 2878 455 2922 sarem
488 2856 561 2920 duas
595 2855 734 2921 cohortes
766 2878 830 2920 eam
864 2859 992 2943 speciem
1021 2859 1207 2952 praebituras
1235 2858 1437 2934 existimasse,

357 2968 394 3026 ut
424 2960 585 3046 Pompejns
615 2981 716 3026 revera
747 2964 843 3024 castra
872 2962 986 3025 muniri
1013 2961 1216 3027 arbitraretur.
1260 2960 1310 3026 Ex
1340 2959 1437 3045 capite

356 3066 438 3129 enim
461 3068 502 3128 66
526 3064 686 3150 perfectam
709 3064 805 3128 fuisse
826 3064 1028 3130 munitionem
1047 3088 1082 3131 eo
1097 3070 1317 3152 tempore,quo
1329 3063 1437 3129 Caesar

356 3169 578 3256 expeditionem
601 3167 782 3253 susciperet,
805 3167 946 3234 certiores
968 3170 1043 3236 facti
1066 3192 1179 3235 sumus.

401 3273 503 3344 Quare
531 3293 594 3336 non
622 3272 666 3336 ita
695 3292 742 3336 res
764 3274 958 3358 proponenda
980 3279 1042 3354 est,
1059 3273 1147 3359 quasi
1169 3269 1281 3337 vallum
1301 3270 1438 3335 nondum

358 3376 531 3441 absolutum
561 3376 702 3461 perficere
728 3374 799 3440 illae
821 3375 897 3441 duae
920 3376 1057 3443 cohortes
1079 3376 1176 3443 videri
1198 3375 1364 3441 debuerint
1381 3361 1439 3439 ‘In

356 3479 436 3544 vallo
464 3477 599 3541 turribus
627 3478 799 3542 muniendis
830 3486 991 3567 occupatas
1012 3483 1107 3564 fuisse
1134 3481 1258 3567 opinor,
1280 3485 1321 3545 ne'
1339 3480 1437 3543 inter-

356 3587 446 3668 rupto
480 3580 660 3645 munitionis
692 3601 780 3666 opere
812 3581 895 3647 uliud
933 3585 1008 3667 qnid
1040 3608 1058 3649 a
1090 3585 1217 3674 Caesare
1253 3584 1303 3670 agi
1334 3581 1437 3647 hostes

357 3687 582 3772 suspicarentur
615 3703 713 3765 neque
733 3682 866 3746 militnm
888 3691 1003 3770 partem
1024 3688 1125 3752 abesse
1146 3682 1436 3763 animadverterent,

358 3792 456 3876 specie
477 3789 598 3873 majoris
620 3785 864 3870 monendomum
882 3809 984 3855 revera
1003 3790 1238 3868 aderat‚oblats.
1260 3790 1437 3876 Pompejum
1526 3810 1529 3816 ·

358 3894 447 3972 adeo,
475 3894 529 3979 qui
559 3890 638 3957 vallo
661 3889 814 3967 obstante,
836 3893 960 3977 quinam
983 3899 1014 3959 et
1035 3900 1111 3979 quot
1132 3896 1165 3959 in
1189 3895 1296 3960 castris
1319 3899 1435 3969 essent,

357 3995 458 4063 videre
489 4018 553 4061 non
582 4000 714 4083 poterat,
743 3995 846 4061 fallere
880 3996 989 4063 Caesar
1024 4000 1224 4064 constituerat
1253 3999 1344 4082 idque
1366 4018 1433 4061 eum

359 4100 483 4167 relictos
503 4100 587 4165 mille
612 4100 674 4165 fere
694 4099 806 4165 milites
829 4105 860 4165 et
881 4100 940 4166 hcc
961 4103 1050 4168 modo
1074 4109 1240 4189 occupatos
1262 4102 1350 4166 facile
1368 4121 1435 4186 per-

357 4208 491 4272 fecturos
521 4204 699 4291 sperauisse,
728 4225 788 4268 non
818 4205 891 4270 adeo
921 4204 1083 4271 absurdum
1102 4206 1177 4273 mihi
1201 4206 1329 4272 videtur.
1372 4207 1434 4271 Res

359 4397 599 4413 ‘-

392 4538 417 4597 1)
435 4536 519 4585 Caesar
534 4534 563 4584 B.
581 4534 609 4585 0.
626 4538 650 4587 11.
668 4536 723 4587 100.
750 4536 877 4587 “Cohorter
893 4538 954 4587 duas
966 4538 1050 4587 castris
1061 4538 1183 4602 praesidio
1197 4538 1347 4603 reliquerat.'’
