3609 5450
815 498 986 558 ..42-

360 667 492 767 pugnam
524 680 602 764 apud
633 678 762 744 Ilerdam
795 679 831 743 de
861 682 950 744 novis
980 682 1102 746 auxiliis
1130 685 1266 768 peditum
1290 708 1387 751 sermo
1414 689 1453 752 fit

360 808 425 872 cap.
449 789 507 862 51,
529 804 672 848 numerus
695 805 764 849 vero
787 805 849 846 non
872 783 996 849 additur
1018 791 1049 850 et
1072 809 1134 873 cap.
1159 793 1200 852 83
1225 790 1261 854 de
1278 791 1452 877 sagittariis

360 895 389 953 et
412 888 629 953 funditoribus.

403 993 549 1069 Accedit,
565 992 647 1075 quod
660 991 747 1055 verba
759 991 831 1054 inde
842 1014 859 1054 a
870 1013 944 1055 voce
957 993 1112 1057 “casilia''
1124 1016 1185 1059 non
1199 1001 1267 1081 apte
1279 1018 1349 1061 cum
1361 1019 1452 1082 prae-

359 1096 535 1162 colentibus
559 1094 719 1159 cohaerent
742 1100 832 1179 atque
855 1095 950 1180 ejecta
972 1119 1046 1161 voce
1068 1097 1178 1182 “quae''
1200 1107 1270 1186 post
1293 1103 1453 1185 “equitem

359 1199 477 1264 millie”
508 1200 596 1287 plane
619 1198 861 1277 obscuratum,
889 1201 1047 1283 quoniam,
1075 1208 1111 1267 ut
1133 1226 1170 1267 ex
1194 1206 1377 1290 Nipperde'r'i
1401 1230 1452 1273 re-

359 1306 500 1369 censione
530 1303 619 1368 verba
642 1326 673 1367 se
695 1303 823 1382 hebent,
846 1327 908 1368 non
930 1310 1006 1389 quot
1028 1307 1061 1369 in
1085 1307 1267 1392 Hispaniam
1290 1313 1453 1390 venerint,

294 1436 299 1441 ·
358 1411 411 1474 sed
441 1414 517 1494 quot
535 1408 568 1472 in
592 1408 692 1472 Gallia
714 1407 868 1485 habuerit,
891 1410 1062 1496 signicatur
1084 1415 1115 1475 et
1138 1415 1321 1477 enumeratio
1345 1418 1454 1502 copia·

357 1537 423 1578 rum
455 1512 601 1596 ejusmodi
633 1515 695 1588 est,
724 1518 775 1590 ut,
806 1513 832 1577 si
864 1535 1008 1578 numerus
1036 1536 1139 1578 eorum
1162 1517 1352 1602 duplicetur,
1376 1521 1453 1584 inde

356 1641 420 1681 non
442 1618 612 1680 efficiantur
635 1615 801 1682 Ciceronis,
816 1616 869 1680 illa
890 1619 1072 1682 auxiliorum
1088 1621 1278 1684 Gallicorum
1290 1622 1323 1684 X
1331 1623 1451 1698 millia

356 1744 425 1785 nam
456 1720 508 1783 illa
538 1719 651 1783 auxilia
681 1726 711 1783 et
742 1721 875 1803 equites,
906 1722 1018 1804 quibus
1044 1745 1097 1809 par
1119 1746 1263 1789 numerus
1287 1748 1323 1788 ex
1348 1726 1453 1792 Gallis

356 1825 494 1902 additus,
513 1847 550 1888 ex
570 1824 636 1887 aliis
652 1824 774 1910 populis
794 1825 907 1888 luerint
929 1847 1050 1890 necesse
1072 1830 1134 1904 est,
1156 1833 1226 1914 post
1249 1838 1369 1912 ‘parem
1391 1853 1453 1894 aeu-

356 1927 483 1992 018111οἴ
507 1929 606 1993 verbis
625 1936 678 1993 “ea
701 1927 822 1992 011001Ἡ
847 1929 967 1992 additis.
990 1930 1145 1995 Praeterea
1167 1939 1246 1997 errat
1270 1935 1308 1996 V.
1333 1935 1397 2013 Ol,
1423 1939 1452 2000 si

355 2038 457 2118 putet,
487 2032 600 2098 auxilia
630 2033 683 2097 illa
713 2034 877 2098 aCaesare
905 2034 938 2096 in
965 2034 1105 2098 omnibus
1130 2037 1334 2120 superioribus
1357 2040 1454 2105 bellis

354 2139 447 2202 fuisse
477 2143 629 2223 usurpata.
675 2137 869 2203 Contrarium
891 2139 957 2224 ipse
980 2138 1088 2202 Caesar
1111 2141 1245 2205 ostendit
1267 2142 1303 2206 B.
1327 2142 1362 2207 0.
1385 2143 1407 2206 l.
1431 2149 1450 2207 1

356 2264 381 2304 c.
406 2246 461 2319 18,
484 2240 537 2305 ubi
562 2242 692 2327 legimus
717 2243 927 2326 “cohortesque
950 2264 986 2304 ec
1004 2245 1089 2305 rencia
1112 2245 1237 2307 Galliae
1256 2246 1453 2310 delectatas?

352 2425 355 2431 ⁴
398 2346 508 2428 Itaque
536 2367 633 2428 neque
662 2345 808 2430 Herzogii
832 2346 1072 2409 emendationem
1095 2346 1313 2411 admittendam
1336 2351 1454 2414 existi·

355 2470 421 2526 mo,
444 2449 496 2531 qui
520 2446 618 2510 verbis
642 2468 694 2509 aec
715 2451 745 2510 et
767 2449 811 2510 ad
830 2448 1043 2533 transpositis,
1065 2447 1155 2532 legit:

401 2552 628 2614 “Praemiserat
651 2572 719 2629 aea,
741 2558 775 2614 at
798 2552 887 2614 arella
909 2552 1031 2615 cecilia
1049 2553 1200 2649 peritiam,
1219 2555 1360 2637 ,equitum
1384 2559 1456 2621 tria

354 2653 474 2718 millae
497 2654 582 2738 reliq.

399 2749 549 2843 Equidem
579 2759 767 2822 retinendam
798 2780 863 2822 esse
894 2759 1048 2844 vulgatam
1072 2782 1194 2838 censeo,
1218 2784 1254 2824 ex
1278 2758 1341 2823 illis
1365 2764 1453 2828 enim

356 2867 462 2928 10000
487 2861 640 2949 peditibus
664 2860 877 2925 verosimiliter
899 2862 974 2926 levis
1002 2868 1168 2927 armaturae
1180 2864 1207 2947 1)
1231 2865 1304 2947 quin
1329 2865 1452 2949 aliquot

352 2968 448 3032 millia
471 2968 508 3031 ad
531 2967 700 3031 Massiliam
725 2966 896 3032 Trebonius
919 2968 1080 3033 retinuerit
1108 2968 1154 3033 vel
1174 2969 1206 3030 in
1226 2969 1317 3032 Italia
1336 2968 1452 3036 Caesar

353 3072 509 3157 reliquerit
520 3072 558 3154 2),
581 3094 643 3133 non
668 3069 784 3133 dubito.
890 3074 893 3078 ’

397 3178 506 3257 Itaque
525 3172 615 3236 verba
638 3181 736 3255 “quee
755 3173 888 3234 amathar
909 3172 1110 3252 superioribas
1128 3173 1217 3234 bellic
1232 3174 1397 3238 detereret*
1411 3178 1452 3242 ad

355 3278 435 3342 solos
459 3276 574 3359 equites
597 3278 766 3359 pertinent3
798 3273 911 3336 auxilia
934 3279 1050 3350 autem,
1073 3279 1108 3339 ut
1131 3276 1282 3356 vidimus,
1305 3301 1341 3343 ex
1365 3301 1451 3346 novo

354 3380 476 3445 delectu
506 3379 614 3443 Caesar
646 3380 792 3461 coegerat.
837 3377 966 3460 Equites
997 3400 1066 3441 vero
1097 3379 1145 3442 illi
1177 3382 1384 3447 Romanorum
1418 3389 1451 3449 et

274 3537 277 3542 .
355 3485 571 3548 Germanorum
594 3481 722 3567 putandi
742 3486 830 3556 sunt,
854 3503 915 3565 quo
937 3504 1046 3567 genere
1069 3483 1220 3548 Caesarem
1237 3488 1450 3573 superioribus

354 3587 441 3651 annis
464 3610 553 3652 usum
575 3608 612 3649 ex
634 3584 720 3650 libris
745 3585 882 3655 debello
907 3585 1026 3650 Gallico
1046 3589 1147 3652 videre
1167 3590 1239 3654 licet
1252 3592 1289 3676 3).
1323 3592 1450 3663 Quodsi

353 3712 453 3776 parem
484 3714 521 3755 ex
552 3690 649 3756 Gallis
678 3712 837 3754 numerum
860 3689 1027 3770 addideris,
1049 3691 1173 3760 habebis
1196 3718 1248 3758 sex
1272 3695 1325 3758 illa
1348 3697 1450 3762 millia

354 3796 508 3879 equitum,
531 3795 701 3880 dequibus
725 3795 832 3859 Cicero
855 3796 1040 3862 mentionem
1061 3798 1142 3861 fecit.

399 3898 612 3982 Relinquitur,
641 3903 676 3964 ut
699 3898 736 3963 de
756 3898 856 3963 verbis
871 3906 984 3983 “quem
1004 3900 1071 3982 ipae
1083 3899 1266 3983 peceaerut''
1289 3903 1450 3992 paulisper

388 4140 412 4198 1)
429 4138 484 4187 Vid.
510 4153 561 4202 cap.
587 4138 618 4185 83
641 4136 658 4186 l.
677 4137 700 4184 1.
727 4137 876 4201 “Sapilten'e'
895 4138 1104 4204 funditoresque.’‘
1128 4157 1179 4205 cap.
1197 4142 1227 4191 51
1247 4142 1400 4204 “Sepittarii
1418 4161 1450 4194 ee·

353 4219 477 4267 Rutenis.''
503 4235 553 4282 cap.
571 4219 603 4266 83
621 4223 638 4247 “
650 4220 776 4267 Germanos
793 4219 851 4267 levir
867 4220 1030 4268 armaturae.’'

387 4301 411 4358 2)
429 4300 467 4347 Ita
483 4300 537 4348 fecit
555 4300 652 4358 Caesar,
670 4314 742 4362 quum
758 4298 783 4345 in
800 4300 920 4347 Graeciam
936 4299 1046 4347 transiret
1062 4317 1084 4349 v.
1103 4301 1132 4349 B.
1149 4301 1175 4349 C.
1193 4300 1232 4349 lib.
1252 4302 1267 4348 3
1284 4316 1302 4349 c.
1319 4302 1361 4351 22.
1377 4306 1450 4355 “Ubi

352 4396 422 4444 quem
447 4368 781 4445 quosdameiuc'meaieepia'
806 4380 947 4430 sollicitaret
968 4380 1129 4447 equitibusque
1151 4382 1257 4431 Caesaris
1279 4383 1356 4433 Gellia
1372 4389 1450 4450 alque

353 4459 482 4523 IIispania,
501 4462 541 4525 qui
558 4476 583 4510 eo
599 4460 715 4524 praesidii
732 4476 803 4509 eausa
819 4462 885 4510 miset
901 4465 970 4509 erant
986 4458 1052 4523 reliq.

385 4541 410 4600 3)
427 4540 480 4588 Vid.
498 4556 521 4589 v.
537 4555 558 4588 c.
576 4540 597 4587 B
614 4541 644 4590 G.
662 4541 685 4592 7.
703 4539 759 4589 133⁹
776 4542 869 4604 passim.
