3609 5450
695 467 872 526 „15-

242 670 310 713 rum
332 650 478 727 attendit,
501 651 554 734 qui
576 650 623 714 val
642 651 675 714 in
696 673 728 714 re
748 649 915 714 certissima
934 670 1003 733 prae
1019 648 1166 714 modestia
1173 650 1326 734 judicium

243 757 359 817 eertum
383 776 417 818 aa
440 754 588 820 directum
611 756 808 841 pronuntiare
831 753 985 818 cavebant.
1031 753 1132 824 Quare
1153 758 1222 839 post
1245 750 1326 830 οἶμοοι

242 855 365 920 verbnm
388 857 461 932 δεῖν,
485 858 566 940 quod
589 858 725 921 socordia
749 857 864 921 librarii
888 855 1038 920 excidisse
1059 855 1195 931 videtur,
1217 878 1324 920 rursus

241 961 381 1023 interseri
411 959 510 1024 veliin.
556 961 608 1024 sio
639 961 718 1024 Infra
748 962 765 1043 ᾧ
798 964 870 1024 285.
916 959 1094 1041 Φιλοσοφίαν
1124 958 1178 1035 μὲν
1205 956 1250 1023 οὖν
1277 960 1328 1023 οὐκ

241 1058 322 1139 οἶμοιι
345 1062 402 1125 δεῖν
424 1064 656 1143 τροςοιγορεύειν,
681 1085 770 1148 supra
793 1064 826 1126 in
850 1064 935 1142 Orat.
959 1062 1009 1125 VI
1031 1085 1059 1146 p.
1086 1066 1163 1138 119,
1179 1085 1203 1124 a.
1219 1067 1328 1142 πρῶτον

242 1165 296 1243 μὲν
319 1161 364 1256 οὖν
386 1160 466 1241 οἶμοιι
482 1165 538 1228 δεῖν
554 1165 743 1244 διοιιεχδιῖνοιι
759 1165 827 1246 οτρδς
843 1167 933 1242 ὑμαῖς,
949 1166 983 1227 in
995 1165 1079 1228 Orat.
1091 1165 1159 1229 VII
1171 1189 1199 1251 p.
1212 1169 1285 1242 145,
1297 1165 1325 1230 d.

242 1271 370 1346 ηνοῦμοοι
393 1268 452 1348 pap
475 1268 531 1333 δεῖν
555 1271 634 1346 ημοῖς
658 1271 688 1332 οὐ
712 1268 796 1346 μένοι
818 1274 930 1350 φρονεῖν
952 1268 1013 1333 κτὲ.

593 1473 674 1539 nn
698 1476 715 1557 a
741 1478 769 1538 ο.
793 1497 821 1559 p.
846 1477 927 1550 310,
951 1475 979 1539 ο.

575 1679 609 1702 ΙΝ

284 1679 373 1759 μέχρι
396 1678 450 1753 μὲν
473 1675 519 1743 οὖν
541 1703 631 1760 σορροο
655 1688 708 1752 τῆς
732 1679 844 1755 η’λικίοος
860 1679 955 1761 ᾠόμην
970 1679 1019 1743 uni
1036 1679 1083 1744 διοδ
1098 1679 1324 1761 τηνιττροοοίρεσιν

239 1784 351 1858 σοιύτην
382 1783 431 1847 νοοῖ
463 1782 509 1847 aa
540 1784 591 1857 την
621 1781 716 1858 ἄλλην
745 1785 977 1866 ἀπραγμοσύνην
1003 1787 1131 1855 ἐπιεικῶς
1154 1783 1233 1864 ἔχειν
1256 1784 1324 1865 ττρδς

241 1884 380 1957 ἑέσοιντοις
402 1888 467 1975 τοὺς
490 1886 614 1958 ἰδιώτης.

287 1991 444 2053 Sententia
474 1993 606 2054 auctoris
634 1991 734 2055 animo
756 2013 880 2078 prorsus
905 1992 1063 2056 contraria.
1109 1990 1236 2076 Corrige
1258 1991 1327 2072 τρός

242 2117 282 2171 με
305 2091 428 2164 τοὶντοις.
464 2092 672 2170 01.το1ἓξῆς.

672 2298 752 2363 un.
776 2301 793 2383 a
819 2303 891 2365 117.

285 2506 335 2570 uui
366 2505 429 2586 περὶ
459 2505 508 2570 τὸν
531 2505 619 2570 οιῦτδν
640 2505 740 2587 χρόνον
763 2507 1008 2584 Λοικεδοιιμονιόνς
1031 2507 1141 2581 ἐνίκησε
1163 2513 1328 2588 νοινμοοχῶν

244 2600 408 2694 (Τιμόθεος)
436 2609 487 2673 un>
509 2610 621 2684 τοιύτην
644 2609 811 2686 ηνοέγκοισεν
834 2612 939 2701 οιιίτοὺς
962 2611 1108 2675 σννδέσδοιι
1130 2612 1183 2687 την
1206 2613 1326 2693 εἰρήνην,

240 2710 257 2786 ἣ
280 2714 424 2788 τοσοιύτην
447 2713 618 2791 μετοιβολην
641 2713 763 2795 ἓκοιτέρορ
785 2719 840 2779 τῶν
863 2713 973 2780 πόλεσιν
996 2715 1142 2791 ἐποίησεν,
1166 2713 1226 2787 ιδ’ςδ’
1246 2719 1327 2794 ήμοῖς

241 2816 295 2893 μὲν
317 2816 371 2880 σῖτ’
394 2817 500 2890 ἐκείνης
523 2825 576 2891 τοῖς
602 2815 710 2895 ἡμέροις
734 2818 806 2881 θύειν
829 2820 906 2899 αὐτῇ
929 2820 992 2882 καθ’
1015 2818 1136 2884 ἕκαστον
1159 2820 1217 2883 τὸν
1235 2821 1327 2884 ε’νιοιιι-

241 2917 290 2983 τὸν
312 2921 348 2990 ὡς
371 2921 506 2996 οὐδεμιοῖς
533 2918 629 2993 ἄλλης
656 2917 726 2983 οὕτω
749 2929 786 2999 τη
810 2919 893 2984 πόλει
917 2922 1157 2997 σννενεγκούσης,
1181 2923 1328 2986 Λοικεδοιι-

240 3022 342 3100 μονίοιν
365 3022 394 3086 δὲ
416 3025 484 3101 μετ’
507 3024 609 3086 ἐκεῖνον
634 3020 683 3086 τὸν
705 3021 805 3102 χρόνον
826 3022 894 3099 μηδ’
916 3024 968 3105 ὑφ’
991 3023 1049 3094 ἑνὸς
1068 3024 1206 3102 eupasia
1220 3024 1328 3108 (1.ο“ροῖ-

240 3127 318 3210 σθοιι)
331 3126 550 3204 μητενοιντικὸν
575 3126 653 3197 ἐντὸς
676 3126 805 3198 Μοιιιέοις
828 3127 979 3207 περισιιέον
1001 3128 1078 3205 μήτε
1097 3126 1182 3207 πεζὸν
1205 3128 1328 3208 στροιτό-

239 3229 324 3294 τσεδον
346 3230 393 3294 uu
416 3235 466 3295 τοῦ
489 3231 603 3308 Ἰσθμοῦ
627 3229 828 3310 πορευόμενον,
856 3226 940 3312 [ὅπερ
964 3231 1062 3301 οιύτοῖς
1085 3237 1138 3303 τῆς
1161 3228 1225 3311 περὶ
1248 3236 1326 3296 Λεῦ-
1385 3259 1387 3264 ·

240 3356 315 3414 κτροι
336 3336 491 3415 σνμφοροῖς
514 3330 583 3414 εὕροι
607 3357 651 3404 τις
675 3332 711 3398 διν
734 3332 824 3398 οιῖτιον
849 3332 1071 3417 γεγενημένον].

285 3437 324 3500 Id
346 3438 491 3500 nimirum
515 3438 684 3502 Historieia
707 3438 782 3502 bene
805 3438 973 3502 notandum
996 3459 1141 3522 quaenam
1165 3460 1255 3502 causa
1276 3436 1327 3502 hie

241 3539 378 3604 tradatur
400 3541 495 3603 fuisse
518 3541 612 3605 cladis
634 3543 822 3606 Leuctricae.
868 3542 1016 3625 Perqnam
1040 3544 1116 3605 mira
1140 3565 1211 3606 sane
1229 3565 1247 3605 a
1264 3565 1327 3606 ma·

241 3642 364 3729 gistella
395 3634 565 3707 traduntur.
612 3645 694 3708 Nam
723 3645 874 3709 Isocrates
897 3645 1018 3728 quidem
1042 3647 1117 3723 ista,
1140 3667 1216 3728 quae
1237 3647 1326 3709 uneis

241 3747 371 3826 inclusi,
394 3768 455 3810 non
479 3746 618 3831 scripsit,
640 3747 750 3830 quippe
773 3747 825 3830 qui
849 3768 905 3809 nee
923 3751 985 3835 tam
1004 3746 1171 3823 insulsum,
1190 3748 1326 3813 tamab·

243 3851 368 3915 surdum
386 3850 541 3935 judicium
564 3848 686 3914 tulisset
709 3850 746 3912 de
767 3871 799 3912 re
821 3854 881 3912 tam
905 3851 1006 3934 gravi,
1031 3852 1118 3934 cujus
1138 3873 1243 3917 causae
1261 3874 1326 3917 om-

241 3952 332 4018 nibus
356 3954 535 4019 cultioribus
555 3975 647 4037 aeque
659 3953 871 4028 innotuerant,
884 3974 982 4037 neque
1001 3976 1060 4017 ase
1071 3956 1137 4041 ipse
1148 3957 1324 4022 dissentiret

242 4057 314 4121 alibi
336 4058 423 4144 plane
446 4058 581 4135 diversa,
603 4060 690 4120 tanto
713 4057 779 4120 viro
803 4054 911 4139 digna,
935 4080 1109 4123 memorans.
1155 4061 1325 4125 Audiamus

240 4162 339 4247 ipsius
362 4161 449 4225 verba
476 4183 514 4225 ex
536 4160 621 4223 Orat.
646 4160 732 4222 VIII
754 4182 782 4244 p.
808 4162 885 4236 179,
911 4181 937 4223 c.
960 4160 1007 4224 ἐτῖ
1031 4162 1116 4226 τοῖον
1137 4168 1194 4227 τῶν
1216 4161 1325 4225 πόλεων
1357 4233 1360 4238 ,

241 4267 292 4329 οὐκ
322 4264 517 4343 ἐστράτευσαν
549 4264 585 4347 (οἱ
615 4262 848 4346 Λοικεδοιιμόνιοι)
889 4262 907 4337 ἢ
938 4265 1001 4345 περὶ
1036 4265 1117 4336 τίνοις
1148 4267 1243 4329 οιύτῶν
1275 4266 1326 4330 οὐκ
1397 4333 1401 4342 ,

242 4368 421 4448 ε’ξημοιρτονη
445 4369 494 4430 οὐκ
517 4365 636 4432 Ἠλείων
658 4367 712 4445 μὲν
733 4365 816 4447 μέρος
838 4390 866 4431 τι
890 4376 943 4441 τῆς
965 4369 1065 4449 χώρας
1086 4368 1257 4451 ἀφείλοντο,
1272 4369 1336 4445 τὴν.
1346 4389 1379 4454 1.·-

243 4472 272 4536 δὲ
293 4481 350 4550 γῆν
373 4472 425 4545 την
451 4471 592 4551 Κορινθίων
622 4468 737 4550 ἔτεμον,
761 4471 931 4567 Μονσινέοις
952 4471 983 4537 δὲ
1005 4469 1150 4553 διῴκισνιν,
1172 4480 1268 4544 ‘Im
1344 4465 1350 4486 ''
