3609 5450
755 487 932 550 -tl-—

301 679 330 737 et
352 674 485 737 omnibus
498 671 668 754 praesidiis
690 670 825 734 dedoctis
848 672 1027 754 opprpaaiio
1050 671 1172 734 dimissa
1195 671 1282 737 esse''
1301 672 1380 737 dici-

299 781 367 854 tu13
398 776 496 860 capite
524 778 564 838 65
596 774 713 838 dictum
744 778 791 839 est
820 778 954 852 tentum,
984 780 1122 837 “mutotc
1143 777 1259 840 ratioree
1286 777 1360 840 beili

298 885 400 942 castra
418 880 575 942 repedem
596 899 676 942 mare
699 899 762 941 esse
774 875 898 962 foctc.''

342 981 426 1068 Ergo
456 986 487 1045 et
518 984 615 1045 castra
637 981 717 1068 apud
741 981 984 1067 Dyrrhacchium
1007 979 1104 1046 adhuc
1126 987 1213 1046 erant
1234 989 1379 1071 occupata

298 1091 329 1151 et
350 1087 549 1162 munitiones,
571 1106 648 1169 quae
669 1084 792 1171 longius
815 1087 926 1150 amari
946 1084 1084 1162 aberant,
1103 1106 1121 1147 a
1139 1086 1298 1170 praesidiis
1314 1089 1379 1154 suis

298 1190 433 1255 nendum
455 1192 540 1253 erant
561 1186 698 1266 relictae,
721 1189 801 1254 unde
822 1188 912 1253 facile
930 1188 1125 1275 perspicitur,
1144 1188 1297 1255 Gaesarem
1317 1191 1378 1256 nl.

299 1295 336 1359 de
364 1299 448 1381 parte
476 1293 646 1379 copiarum,
677 1293 774 1378 capite
804 1315 873 1358 vero
906 1298 922 1359 7
928 1296 946 1356 5
977 1292 1014 1356 de
1036 1296 1103 1356 toto
1126 1294 1262 1359 exercitu
1283 1294 1380 1360 facere

298 1399 487 1463 mentionem.
532 1395 603 1459 Jam
626 1396 725 1481 capite
748 1402 788 1462 67
814 1398 857 1461 ita
879 1395 1027 1483 legimus:

343 1502 456 1565 “Horra
479 1500 622 1583 iepioaern
643 1520 768 1580 sperares
793 1503 904 1564 Caesar
922 1521 955 1563 se
976 1500 1140 1583 opprimere
1154 1521 1246 1581 posse
1269 1522 1377 1563 -re-

299 1606 390 1690 liquit
411 1606 445 1667 ira
469 1624 553 1685 opere
574 1604 707 1667 cohortes
729 1605 820 1678 dous,
844 1625 920 1688 qaae
945 1605 1071 1687 speciem
1094 1604 1270 1668 munitioris
1285 1626 1379 1688 prcc-

201 1752 210 1767 -.
298 1710 412 1772 baert:
435 1709 500 1789 ipse
515 1744 560 1754 —
579 1706 714 1791 reliquas
735 1709 865 1771 cohortes
886 1728 1007 1771 aomar
1030 1708 1187 1772 XXXIII
1204 1706 1333 1772 edasait?

205 1820 210 1839 ¹
342 1813 489 1895 Reliquae
510 1811 606 1898 igitur
635 1811 773 1876 cohortes
797 1815 870 1876 runt
891 1833 958 1890 eae,
980 1834 1072 1898 quae,
1094 1812 1223 1898 demptis
1246 1811 1378 1891 duabus,

298 1920 478 2003 supererant.
523 1914 624 1980 Aliam
657 1915 936 2001 interpretationem
969 1915 1056 1980 locus
1088 1938 1150 1980 non
1182 1918 1316 2001 patitur,
1350 1916 1377 1980 si

298 2022 436 2106 syntaxis
464 2020 543 2085 ratio
573 2017 717 2084 habeatur
745 2018 838 2103 idque
864 2021 930 2104 ipse
952 2019 1106 2105 Nippend.
1129 2019 1261 2098 indicat,
1282 2040 1377 2102 quum

298 2147 364 2210 pag.
397 2127 457 2189 177
483 2144 554 2209 suae
576 2122 719 2185 editionis
742 2120 819 2185 dicit
842 2122 984 2186 “Deinde
1005 2124 1085 2207 qood
1105 2123 1242 2207 deinceps
1267 2125 1377 2186 Caesar

298 2229 430 2312 reliquos
450 2227 580 2289 cohortes
599 2226 642 2288 cd
660 2225 803 2308 leptorrera
819 2225 962 2310 Pompeji
978 2229 1198 2308 opprimendam
1213 2249 1245 2290 se
1256 2225 1377 2289 demere

297 2333 385 2405 dicit,
396 2351 494 2393 omues
504 2329 621 2413 copias,
632 2351 709 2413 quae
715 2336 839 2413 practer
849 2332 906 2393 das
916 2331 1049 2407 cohortes
1061 2332 1112 2417 (sc
1122 2331 1199 2394 ilias
1210 2327 1376 2415 XXXIII)

297 2437 439 2511 adereat,
461 2433 624 2496 incastris
646 2433 770 2498 relictos
792 2455 855 2497 esse
877 2435 1067 2498 demonstrat.
1113 2439 1155 2498 Ar
1172 2435 1256 2517 torpe
1271 2433 1377 2514 plures

297 2536 427 2602 XXXV
443 2538 610 2600 cohortibus
632 2545 696 2600 torre
719 2539 846 2623 affuisse
867 2539 918 2601 aci
938 2561 975 2601 ea
995 2539 1095 2622 capite
1118 2542 1158 2604 75
1182 2535 1342 2601 ridemus?

342 2642 454 2704 Verum
485 2663 547 2704 non
577 2646 656 2716 erat,
678 2662 733 2705 cnr
756 2641 829 2705 adeo
851 2643 1011 2706 miraretur
1032 2665 1060 2707 v.
1083 2641 1136 2720 cl.,
1160 2642 1234 2706 duas
1256 2645 1376 2706 tantum

297 2743 436 2809 cohortes
466 2745 499 2807 in
530 2746 637 2809 castris
659 2746 836 2809 remansisse
847 2745 873 2829 1)
898 2768 995 2829 neque
1017 2746 1194 2810 incredibile
1215 2750 1278 2822 est,
1299 2744 1375 2808 an-

298 2869 394 2913 sarem
427 2847 499 2910 duas
533 2847 671 2912 cohortes
704 2868 768 2910 eam
802 2850 931 2933 speciem
960 2848 1146 2940 praebitrpas
1173 2848 1376 2924 existimasse,

296 2959 332 3018 ut
363 2951 524 3037 Pompejus
553 2972 653 3016 revera
685 2954 781 3014 castra
809 2953 924 3016 muniri
951 2952 1154 3017 arbitraretur.
1198 2950 1248 3016 Ex
1278 2950 1375 3035 capite

296 3058 377 3121 enim
400 3060 441 3119 66
465 3055 623 3141 perfectam
647 3054 743 3118 fuisse
764 3054 966 3122 munitionem
985 3078 1020 3121 eo
1035 3052 1375 3142 tempore,qu00aesar

296 3160 517 3247 expeditionem
540 3157 721 3243 susciperet,
744 3158 884 3224 certiores
907 3161 982 3226 facti
1004 3182 1117 3226 sumus.

341 3264 443 3335 Quare
471 3282 534 3326 non
561 3263 605 3325 ita
633 3283 681 3326 res
704 3265 896 3349 proponenda
918 3269 980 3343 est,
997 3264 1085 3349 qnasi
1107 3260 1219 3329 vallum
1240 3261 1376 3325 nondum

298 3368 469 3433 absolutum
500 3366 641 3451 perficere
667 3365 738 3431 illae
760 3365 837 3432 duae
859 3366 995 3433 cohortes
1017 3368 1114 3433 rideri
1136 3366 1302 3432 debuerint.
1319 3351 1377 3429 ‘In

295 3472 374 3537 vallo
403 3469 537 3535 turribus
565 3469 738 3534 muniendis
769 3476 930 3558 occupatas
950 3473 1046 3555 fuisse
1072 3473 1196 3559 opinor,
1218 3476 1259 3535 ne'
1277 3470 1375 3533 inter-

295 3581 384 3662 rupto
418 3573 597 3639 munitionis
631 3594 719 3659 opere
751 3573 833 3638 uliud
871 3575 947 3658 quid
979 3599 996 3639 a
1029 3576 1155 3642 Caesare
1191 3574 1241 3660 agi
1272 3571 1375 3637 hostes

296 3680 520 3766 suspicarentur
553 3698 651 3760 neque
672 3676 804 3740 militum
827 3683 941 3762 partem
963 3679 1064 3743 abesse
1086 3663 1374 3754 animadverterent,

297 3785 395 3870 specie
416 3784 536 3868 majoris
559 3781 803 3865 nnmeri‚!quanr
821 3802 922 3847 revera
941 3781 1176 3859 aderat‚oblata.
1198 3780 1375 3866 Pompejum
1465 3800 1468 3807 ‘

297 3888 386 3966 adeo,
415 3889 468 3973 qui
498 3885 577 3952 vallo
599 3885 753 3961 obstante,
775 3886 898 3969 quinam
921 3890 952 3950 et
974 3891 1050 3970 quot
1071 3888 1104 3950 in
1127 3885 1234 3950 castris
1258 3889 1373 3960 essent,

295 3991 397 4058 videre
429 4013 492 4055 non
522 3995 653 4077 poterat,
682 3988 785 4053 fallere
819 3988 928 4055 Caesar
963 3990 1163 4054 constituerat
1191 3989 1283 4072 idque
1305 4009 1373 4051 eum

298 4095 421 4160 relictos
441 4095 526 4159 mille
552 4095 613 4159 fere
633 4094 745 4159 milites
769 4098 799 4158 et
820 4092 878 4158 hcc
900 4094 990 4159 modo
1013 4099 1179 4179 occupatos
1201 4092 1289 4156 facile
1307 4111 1374 4176 per-

297 4199 430 4263 fecturos
461 4199 639 4284 speravisse,
668 4219 728 4262 non
757 4197 830 4262 adeo
860 4195 1023 4263 absurdum
1042 4196 1117 4262 mihi
1140 4196 1268 4262 videtur.
1311 4198 1373 4261 Res

332 4530 357 4589 1)
375 4528 459 4579 Caesar
474 4527 503 4576 B.
520 4527 549 4578 0.
566 4531 590 4579 a.
608 4529 663 4579 loe.
689 4529 817 4579 “Cohortes
833 4530 893 4580 duas
906 4531 990 4580 castris
1001 4531 1123 4594 praesidio
1136 4530 1287 4595 reliquerat.”
