3609 5450
819 447 997 510 -17-

364 638 448 698 τοῦτο
471 630 632 714 πεφυκέναι
654 634 752 702 καλῶς
776 631 845 711 πρὸς
864 628 877 696 ὃ
893 630 930 695 ίιν
945 629 1123 712 προηρημένοι
1139 628 1326 708 τυγχιίνωσιν
1342 627 1445 693 ἔπειτα

363 735 547 807 παιδευίηναι
562 734 613 799 καὶ
629 734 736 812 λαβεῖν
751 735 803 809 την
818 735 990 812 ε’πιστη’μην,
1008 732 1069 807 ἥτις
1084 731 1122 797 dv
1137 729 1154 812 ᾖ
1170 731 1232 812 περὶ
1249 731 1371 796 έκοίστου
1382 733 1443 797 κτὲ.

407 840 519 904 Statim
550 841 647 926 primo
669 839 780 904 obtutu
804 838 1052 925 deprehendimus
1076 841 1129 901 aut
1152 836 1278 900 alterum
1302 835 1369 917 πρός
1393 841 1445 901 aut

362 944 448 1030 prius
478 944 547 1025 πρὸς
576 948 659 1009 τοῦτο
682 965 796 1007 vacare.
841 943 1014 1026 Utrumque
1035 941 1160 1004 retineri
1184 945 1266 1004 vetat
1290 941 1445 1004 Gramma-

362 1048 433 1111 tica.
478 1049 591 1112 Utrum
613 1053 713 1112 autem
737 1045 941 1130 abjiciendum
964 1047 1005 1110 sit
1028 1045 1239 1128 disquiramus.
1272 1042 1321 1106 Ex
1342 1066 1445 1119 sensu,

363 1153 388 1221 si
415 1151 576 1238 diligenter
604 1151 838 1237 perpendamus,
869 1157 899 1214 et
930 1148 1075 1213 antithesi
1098 1149 1196 1233 liquet
1218 1148 1371 1211 notionem
1394 1152 1445 1210 τοῦ

362 1259 460 1326 καλῶς
479 1254 640 1337 πεφυκέναι
659 1255 798 1340 urgueri,
814 1250 827 1317 ὃ
846 1251 882 1317 lo
901 1252 1078 1333 προηρημένοι
1096 1249 1268 1332 τυγχοίνωσι
1288 1252 1446 1314 dumtaxat

363 1358 582 1422 determinandi
602 1380 690 1422 causa
713 1356 825 1441 subjici
847 1356 887 1435 τῷ
911 1354 1070 1437 πεφυκέναι
1088 1360 1196 1426 καλῶς.
1243 1354 1345 1425 Chare
1363 1375 1445 1418 voco.

363 1460 430 1542 πρὸς
459 1466 543 1526 τοῦτο
573 1459 789 1545 Interpolatori
819 1458 937 1523 tribuas
959 1457 1133 1542 reddasque.
1179 1458 1328 1522 Similiter
1351 1457 1445 1520 corri-

361 1587 468 1650 gamus
497 1566 531 1628 in
563 1565 647 1628 Orat.
677 1563 746 1628 XII
770 1586 798 1649 p.
823 1567 902 1639 246,
926 1559 1039 1639 (1,,,έτι
1066 1561 1140 1627 δὀὐκ
1163 1564 1196 1626 ἐκ
1217 1562 1324 1627 τούτων
1347 1561 1446 1642 ἔφερον

361 1668 395 1745 ἐξ
417 1665 452 1734 ὧν
475 1666 556 1732 αὐτοί
581 1667 734 1742 διέσεισαν,
758 1666 829 1730 αλλ’
852 1668 909 1747 αφ’
931 1661 968 1728 ὧν
990 1664 1024 1728 δι’
1047 1668 1126 1742 ημᾶς
1149 1662 1253 1744 είχον”
1272 1664 1397 1729 delendo
1413 1667 1445 1728 ἑκ

361 1773 479 1837 τούτων.
496 1786 541 1841 l-
563 1770 703 1835 Ceterum
727 1766 740 1833 ὃ
763 1768 799 1833 οίν
821 1769 924 1833 hiatus
946 1768 1017 1833 talis
1040 1773 1103 1846 est,
1126 1791 1215 1853 quem
1237 1770 1352 1834 Noster
1375 1769 1444 1852 qui-

363 1876 431 1939 dem
461 1873 588 1937 horreat.
634 1872 834 1937 Reddendum
865 1872 892 1935 ei
914 1869 979 1936 ὅτι
1003 1869 1048 1937 ίιν.
1095 1872 1187 1943 Quod
1217 1874 1345 1959 probant
1376 1895 1444 1936 sex-

363 1979 443 2042 centi
466 1977 534 2041 loci.
579 1976 708 2060 Aliquot
733 1977 831 2040 citem.
878 1975 962 2038 Orat.
985 1975 1017 2039 X
1041 1999 1069 2061 p.
1093 1978 1174 2052 210,
1197 1976 1224 2039 d.
1245 1974 1263 2041 ί
1274 2001 1301 2040 τι
1317 1974 1354 2039 dv
1365 1975 1446 2055 τείχη

361 2079 573 2163 φίεγξαμενος.
609 2081 692 2143 Orat.
715 2081 784 2144 XII
806 2102 833 2164 p.
857 2082 936 2155 281,
959 2100 982 2141 e.
1006 2074 1088 2142 ἅπαν
1108 2077 1126 2142 ί
1144 2103 1172 2143 τι
1195 2077 1231 2142 έιν
1254 2079 1289 2143 σὺ
1305 2079 1401 2159 ’λέγης
1425 2077 1441 2152 ἢ

362 2183 491 2266 προίττης
510 2185 706 2256 ἐπαινοῦντας.
731 2207 759 2270 p.
784 2187 862 2260 282,
886 2182 914 2248 d.
936 2189 996 2254 τοῖς
1018 2182 1151 2258 λέγουσιν
1174 2180 1193 2247 ὅ
1210 2208 1238 2247 τι
1261 2180 1297 2246 διν
1319 2183 1459 2261 τύχωσι.’

796 2389 876 2453 rua
901 2391 918 2472 a
944 2393 1015 2453 roa.

405 2599 454 2664 τὸν
477 2597 535 2679 γαρ
558 2598 669 2677 έχοντα
683 2631 727 2644 —
742 2598 794 2672 την
817 2596 934 2675 τίλμαν
956 2598 998 2674 μη
1022 2598 1073 2672 την
1095 2597 1308 2678 ἀναισχυντίας
1327 2605 1443 2675 σημεῖον

358 2700 546 2780 γιγνομένην,
578 2699 662 2766 αλλοδ
684 2700 736 2774 την
759 2699 840 2778 μετα
863 2700 1045 2782 σωφροσύνης
1068 2697 1139 2766 οὕτω
1167 2698 1444 2782 παρασκευάζουσαν

359 2808 412 2879 την
434 2806 537 2884 φυχην
560 2802 633 2868 ὥστε
655 2803 743 2881 μηδὲν
767 2800 850 2877 ἦττον
874 2804 980 2885 ίαρρεῑν
1003 2805 1032 2867 ἐν
1054 2804 1092 2878 δη
1115 2808 1203 2869 πᾶσι
1226 2812 1286 2876 τοῖς
1308 2804 1443 2876 πολίταις

359 2910 426 2981 τοὺς
455 2908 561 2985 λόγους
592 2906 754 2983 ποιούμενον
778 2906 794 2981 ἢ
818 2906 886 2986 πρὸς
910 2907 997 2970 αὑτὸν
1019 2907 1211 2984 διανοούμενον
1233 2908 1278 2979 τίς
1300 2909 1350 2970 οὐκ
1372 2902 1443 2970 οἶδεν

361 3009 403 3077 ἔτι
434 3012 532 3090 τυχιδν
555 3012 568 3073 o‘
590 3013 748 3080 τοιοῦτος
772 3008 906 3080 παιδείας
936 3010 979 3087 μη
1002 3018 1054 3084 τῆς
1077 3009 1334 3089 απηκριβωμένης,
1358 3011 1443 3075 οίλλοδ

323 3176 325 3181 .
359 3124 413 3189 τῆς
444 3113 613 3179 ἐπιπολαίου
644 3112 694 3176 καί
725 3115 798 3176 τοῖσι
822 3119 914 3186 κοινῆς
935 3117 1059 3184 τοιοῦτος
1081 3112 1118 3177 dv
1140 3111 1182 3188 είη
1204 3114 1293 3194 ῥητωρ
1315 3107 1369 3186 οἷος
1391 3115 1441 3178 οὐκ

357 3214 407 3283 οἷδ’
429 3216 457 3281 εί
476 3242 520 3288 τις
543 3221 598 3282 τῶν
621 3216 765 3291 Ἑλλήνων
788 3215 913 3294 γέγονε,

401 3319 556 3385 Particula
586 3320 619 3395 δή
654 3319 714 3384 hoo
737 3321 860 3405 quidem
882 3320 950 3385 loco
974 3321 1120 3404 quadrare
1142 3305 1205 3383 nori
1227 3324 1335 3406 potest.
1380 3321 1441 3384 Pro

359 3434 514 3489 ΔΗΠΑΣΙ
535 3446 645 3510 repone
667 3410 819 3499 ἈΠΑΣί,
844 3425 926 3508 quod
945 3426 992 3489 ita
1007 3448 1069 3489 non
1088 3424 1165 3488 male
1175 3425 1345 3510 opponitur
1359 3445 1443 3489 voco.

358 3527 427 3607 πρὸς
457 3525 553 3590 αὑτόν.
581 3564 626 3574 -
651 3526 747 3590 Porro
778 3549 860 3591 voco.
883 3528 896 3590 ὁ
920 3533 1044 3600 τοιοῦτος
1067 3528 1203 3591 insiticia
1229 3526 1333 3591 habeo,
1377 3527 1443 3592 Ab·

360 3629 484 3694 surdum
515 3628 596 3691 enim
626 3633 672 3692 est
702 3630 847 3692 orationis
877 3629 1017 3713 obliquae
1040 3630 1225 3714 subjectum,
1248 3629 1328 3713 quod
1351 3631 1441 3694 verbo

358 3732 475 3818 regenti
507 3734 687 3795 attractum·
703 3730 853 3814 objectum
883 3732 997 3796 factum
1028 3738 1091 3812 est,
1123 3731 1323 3808 nihilominus
1354 3754 1442 3797 suum

358 3836 460 3900 locum
490 3835 635 3900 obtinere.
680 3837 839 3920 Apponam
869 3835 917 3898 vel
949 3836 966 3917 d
998 3857 1057 3918 seq.
1087 3836 1269 3921 exemplum:
1298 3836 1443 3908 adurimur

359 3937 443 4015 ίσμεν
471 3941 537 4011 τοὺς
567 3937 798 4018 καταδεεστέραν
821 3938 874 4015 μὲν
897 3938 1005 4002 τούτων
1027 3940 1079 4013 την
1101 3938 1190 4020 φύσιν
1212 3938 1351 4018 ἔχοντας,
1375 3946 1441 4008 ταῖς

359 4042 543 4123 δ’ἕμπειρίαις
566 4040 760 4122 προςέχοντας
783 4040 825 4105 ὅτι
849 4040 1000 4119 γίγνονται
1023 4042 1166 4123 κρείττους
1188 4045 1218 4106 οὐ
1242 4043 1325 4120 μόνον
1347 4043 1443 4105 αὑτῶν

358 4149 420 4212 κτὲ.
466 4147 595 4210 Accedit
617 4145 699 4229 quod
722 4146 810 4209 tritas
833 4168 919 4210 aures
942 4147 1070 4210 offendit
1085 4146 1163 4209 idem
1180 4145 1303 4210 verbum
1318 4150 1441 4217 τοιοῦτος

358 4252 440 4314 intra
461 4250 613 4313 tantulum
639 4249 729 4336 spatii
753 4250 911 4327 iteratum,
933 4250 1014 4333 quod
1038 4250 1152 4314 Noster
1171 4250 1292 4334 quidem
1312 4247 1441 4333 diligen-

358 4358 405 4418 ter
428 4357 528 4431 oavet‚
557 4376 654 4439 neque
676 4355 689 4418 ὁ
711 4358 972 4426 τοιοῦτος-τοιοῦτος
996 4351 1032 4417 aa
1055 4351 1096 4428 είη
1119 4354 1206 4434 ῥητωρ
1235 4352 1381 4416 doctioris
1404 4354 1443 4416 li·

360 4480 437 4523 mam
472 4457 581 4543 arguit.
603 4484 648 4507 —·-
670 4457 757 4521 Idem
789 4458 900 4523 vitium
931 4456 1041 4522 iterum
1072 4456 1207 4521 occurrit
1236 4457 1270 4520 in
1296 4455 1325 4520 h.
1357 4456 1442 4521 Orat.

1305 4572 1322 4627 2

1585 4277 1625 4336 q
