3609 5450
921 459 1097 521 -20-
1201 407 1202 410 ¹

450 644 540 721 aine,
569 664 660 727 quam
682 643 744 708 vim
767 642 804 706 ad
827 641 1067 729 persuadendum
1091 633 1210 707 habere
1227 643 1371 729 possint?
1394 678 1438 689 —
1461 645 1552 708 Scri-

457 750 511 832 pta
533 746 592 810 ista
614 746 735 811 videtur
757 767 775 808 a
796 744 960 823 monacho,
985 747 1038 829 qui
1061 746 1209 810 Isocratis
1232 745 1381 833 Epistolis
1405 767 1469 810 eam
1492 747 1552 810 ad-

454 850 531 934 jecit
549 852 586 913 ut
604 847 754 934 legeretur
772 853 803 913 et
822 871 878 913 sao
891 849 1027 935 dogmati
1040 849 1253 914 auctoritatem
1264 848 1451 935 adjungeret.
1475 850 1550 914 Iso-

460 955 572 1017 cratem
594 957 695 1016 tamen
718 973 907 1036 nequaquam
929 952 1068 1016 imitatus
1091 956 1139 1017 est
1162 953 1223 1016 nisi
1246 952 1282 1015 irr
1303 950 1390 1016 hiatu
1410 953 1551 1018 vitando.

456 1055 528 1118 Jam
559 1077 629 1120 vero
656 1053 746 1118 verba
776 1056 922 1138 quaedam
952 1059 983 1118 et
1011 1054 1183 1120 locutiones
1213 1077 1267 1141 per
1298 1077 1330 1119 sc
1347 1056 1550 1121 attendamus

383 1182 390 1197 ·
457 1162 606 1240 quantum
628 1157 665 1222 ab
687 1158 854 1223 Atticismo
877 1158 1026 1223 recedant.

501 1262 603 1342 οίχλιίς
626 1283 691 1326 voc.
716 1261 915 1328 Homericum
938 1266 970 1327 et
992 1262 1169 1348 posterioris
1192 1284 1298 1349 prosae
1320 1263 1469 1327 orationis
1489 1285 1550 1349 pro

456 1365 565 1429 Attico
588 1363 696 1436 σκότος.

499 1468 745 1549 διοιιρετικιίτσιτος
766 1503 811 1515 -
833 1469 993 1549 χωρισμίςι
1026 1470 1168 1556 Agnosce
1194 1469 1386 1534 Graeculum.

499 1572 615 1654 πέφυκε
637 1575 667 1635 et
689 1569 759 1635 ω’σίν
781 1593 844 1636 uon
867 1573 1055 1638 conveniunt
1077 1595 1211 1639 numero.
1253 1572 1456 1637 Scribeadum
1479 1579 1550 1639 erat

455 1672 542 1739 ἐστίν.
1375 1693 1379 1700 ’

500 1776 631 1858 ἤμειψοις
662 1799 727 1842 voc.
747 1776 875 1842 Homer.
898 1781 929 1841 et
952 1781 1063 1863 poster.
1085 1801 1191 1864 prosae
1209 1801 1251 1843 or.
1274 1800 1330 1865 pro
1352 1779 1462 1844 Attico
1489 1803 1548 1857 με·

452 1877 623 1956 τίλλοοξοις.
658 1880 741 1945 Vide
762 1879 919 1967 Aristoph.
942 1882 999 1945 Av.
1023 1902 1066 1944 rs.
1090 1884 1163 1946 117.

668 2029 729 2100 σῖτ’
751 2031 831 2106 οοῖίίις
853 2033 961 2116 σ’ρνίίων
983 2031 1181 2113 μεταλλάξας
1204 2032 1303 2115 Φύσιν.

502 2194 535 2255 ἐκ
556 2190 701 2271 προοιμίου
725 2191 841 2256 soloece
864 2213 919 2278 pro
934 2158 976 2268 ἓξ
996 2193 1109 2272 οὶρχῆςς
1133 2191 1193 2255 vid.
1217 2191 1295 2255 Plat.
1319 2189 1356 2255 de
1383 2191 1458 2277 Rep
1483 2191 1543 2258 III

455 2317 484 2380 p.
508 2297 590 2371 411,
611 2294 640 2358 ί).
661 2295 715 2359 ἐὰν
739 2293 772 2370 ἐξ
793 2295 889 2375 ἀρχῆς
912 2294 1001 2375 Φύσιν
1023 2293 1131 2372 οίίυμον
1153 2293 1245 2375 λοίβρ.

493 2397 643 2462 σύστοισιν
666 2396 789 2461 barbare
803 2419 858 2482 pro
873 2394 939 2473 ἕξιν.
957 2397 1098 2469 σύστοισις
1115 2397 1229 2460 dicitur
1245 2394 1366 2471 πόλεων,
1383 2397 1545 2469 πολιτείοις.

499 2499 656 2582 διεφίσνσε
678 2501 734 2564 ie.
753 2501 903 2584 perflauit
920 2521 1077 2585 perperam
1099 2521 1154 2586 pro
1179 2499 1312 2584 simplici
1337 2498 1466 2583 ἐφύσνσε
1485 2501 1506 2563 i.
1519 2523 1546 2564 e.

455 2603 588 2688 inflavit.
621 2602 694 2667 Vid.
725 2602 883 2667 Demosih.
906 2604 1013 2682 XIII,
1044 2607 1095 2668 lc.
1127 2602 1306 2683 μετεωρίσας
1328 2603 1378 2668 κοί
1402 2603 1545 2685 φυσήσως

456 2707 535 2785 ὑμᾶς
565 2705 691 2785 xxviiia.
734 2704 876 2794 Xenoph.
907 2705 999 2772 Mem
1028 2706 1063 2787 Ι,
1083 2710 1124 2784 2,
1155 2710 1206 2772 25.
1241 2707 1437 2790 πεφυσημένω
1468 2704 1546 2771 δ’ἐπί

446 2810 583 2889 δυνοίμει.
854 2813 857 2818 ’

500 2914 666 2997 ἐνεφοριίίνς
694 2935 749 3002 pro
772 2914 880 2979 Attico
904 2913 1053 2989 ἐνέπλητο.
1096 2913 1144 2978 of.
1166 2914 1263 2980 Arist.
1285 2913 1378 3000 Vesp.
1401 2936 1444 2979 vs,
1464 2916 1540 2977 424.

496 3016 672 3093 ξυσταλεὶς,
697 3016 855 3094 εὔτακτος,
878 3020 965 3099 ὀργῆς
987 3017 1038 3082 κοί
1060 3016 1160 3095 μένους
1184 3017 1380 3096 ἐμπλήμενος.

498 3120 539 3184 τοί
561 3118 694 3198 μετέωροι
712 3126 764 3192 τῆς
787 3119 884 3199 τοίχοις
907 3121 1058 3196 κινήμοιτω
1081 3140 1143 3180 non
1165 3122 1212 3181 est
1234 3119 1350 3182 Graeca
1372 3117 1499 3183 locutio,

497 3219 794 3300 ίίουυίιυίοίεωρίοις
812 3220 930 3285 »abusus
954 3226 1001 3283 est
1023 3241 1077 3305 pro
1101 3219 1216 3290 ἐννοίοις.

494 3327 705 3403 οίπσινοιχωρεῑν
735 3323 893 3407 posterior.
923 3343 1028 3407 prosae
1054 3342 1100 3385 or.
1127 3342 1182 3407 pro
1205 3321 1388 3403 ἀποχωρεῖν,
1409 3322 1461 3386 hic
1482 3346 1542 3409 pro

449 3428 613 3493 ἐκπίπτειν.
909 3497 915 3507 ,

496 3528 637 3610 περίγειον
660 3532 706 3592 est
728 3549 793 3591 roc.
818 3526 981 3592 scloeeum.
1094 3513 1101 3528 ⁸

490 3630 581 3715 ,ἄφνω
603 3631 781 3719 posterioris
804 3653 910 3718 prosae
931 3654 973 3696 or.
996 3654 1050 3718 pro
1075 3630 1224 3715 ἐξυίφννς.

494 3736 718 3802 Stultissimum
741 3740 841 3801 autem
865 3736 946 3820 quod
966 3736 1039 3801 fecit
1058 3737 1199 3801 mendum
1218 3736 1440 3801 Grammaticus
1459 3735 1542 3803 illud

450 3844 509 3918 est,
528 3840 610 3923 quod
638 3839 750 3905 abusus
778 3845 825 3904 est
846 3840 969 3908 nomine
990 3836 1048 3920 ίρος
1071 3862 1125 3926 pro
1149 3839 1214 3919 ίρος,
1249 3840 1324 3903 Non
1346 3839 1435 3903 modo
1459 3842 1543 3905 anti·
1572 3905 1576 3912 ,

447 3942 543 4009 thesis
566 3942 756 4021 χωμοιίζνλον
777 3964 829 4028 per
847 3964 894 4019 se,
914 3943 967 4006 sed
986 3944 1076 4006 etiam
1095 3943 1203 4026 adjeci.
1225 3942 1384 4022 οίκρίτοοτσς
1404 3943 1541 4028 postulat
1623 3967 1625 3972 ·

448 4052 484 4111 ui
508 4044 658 4111 scribatur
687 4045 721 4109 τὸ
749 4053 802 4119 τῆς
825 4044 922 4124 τύχοις
944 4044 1000 4126 ίρσς
1023 4044 1198 4123 οίκρίτωτον;
1222 4041 1279 4124 ίρος
1302 4047 1382 4109 enim
1405 4068 1466 4109 non
1491 4048 1541 4111 di-

449 4153 529 4217 citur
550 4148 710 4230 οίιιρίτοιτσς
733 4147 785 4211 sed
808 4146 947 4227 ἔσχοντος.

507 4315 594 4363 Serra.
611 4324 682 4362 moro
693 4324 811 4361 rrrruurr
828 4311 901 4360 1852.

900 4464 1093 4490 -οοσ-
