3609 5450
834 479 1011 540 ..63-

424 665 464 727 In
485 665 617 726 mentem
644 659 732 723 etiam
755 661 840 724 venit
863 661 920 722 “Si
940 661 1009 724 acia
1030 697 1075 708 -
1096 661 1225 742 demere
1246 696 1290 709 -
1305 659 1464 742 paaaeai‚''

379 787 455 851 quae
485 764 606 829 dicendi
635 762 764 826 formula
785 764 942 828 invenitur
963 765 1043 850 apud
1066 764 1221 829 Caesarem
1244 765 1280 828 B.
1303 764 1338 829 Ο.
1362 768 1390 827 2.
1414 767 1464 827 25.

379 871 484 934 eodem
502 890 606 945 sensu,
624 888 684 950 quo
700 874 840 930 “carcam
851 864 1006 950 diripere.''
1029 868 1107 931 Tum
1119 888 1238 929 carram
1248 868 1396 930 insertum
1407 868 1466 930 erit

379 972 416 1037 ab
440 972 555 1057 aliquo,
580 969 632 1054 qui
655 969 689 1033 in
709 969 813 1033 codice
833 993 889 1034 suo
907 971 1064 1035 invenerat
1085 974 1204 1034 tantum
1224 969 1365 1052 diripere,
1384 971 1466 1053 quod

378 1077 448 1139 aeia
475 1077 507 1139 in
526 1074 575 1138 ael
596 1077 659 1137 erat
683 1079 869 1161 corruptum.
887 1127 889 1131 .
910 1074 1014 1158 anue
1036 1073 1097 1137 loci
1120 1073 1289 1138 emendatio
1311 1093 1346 1135 eo
1369 1074 1466 1158 magis

378 1178 454 1242 mihi
477 1179 590 1266 placet,
613 1200 673 1263 quo
691 1178 829 1257 facilius,
847 1179 900 1263 qui
924 1184 1041 1241 cursam
1063 1179 1215 1242 intrusum
1239 1178 1296 1254 sit,
1320 1175 1465 1261 explicari

377 1287 493 1368 potest,
515 1304 605 1367 quam
627 1282 709 1347 nude
731 1282 810 1346 illud
832 1305 870 1345 ae
892 1283 926 1347 in
947 1282 1240 1367 textumirrepserit.
1261 1279 1383 1351 Quodsi
1395 1302 1466 1365 pro-

377 1386 508 1464 baveris,
530 1407 648 1449 mecum
670 1384 768 1470 legas:

423 1491 480 1552 “Si
509 1490 578 1552 vela
606 1489 649 1550 ad
670 1488 763 1550 litora
785 1488 1029 1570 Apolloniatium
1052 1488 1181 1569 diripere
1204 1493 1294 1571 atque
1317 1510 1349 1551 eo
1371 1508 1465 1550 aaaea

378 1595 486 1678 ejicere
501 1588 653 1674 possent.''
1117 1612 1122 1619 ·
1398 1656 1400 1661 ,

386 1690 396 1711 ’
422 1694 608 1778 Conjunctio
643 1694 671 1754 si
693 1693 783 1757 etiam
807 1698 874 1757 tum
896 1692 998 1756 eadem
1021 1694 1147 1757 notione
1170 1693 1338 1778 accipiatur
1360 1694 1465 1771 velim,

378 1822 412 1863 ac
436 1820 526 1884 snpra
557 1806 585 1860 ei
608 1819 625 1860 a
654 1795 740 1860 nobis
764 1797 879 1862 tributa
902 1801 965 1874 est,
994 1819 1114 1881 quoque
1136 1797 1216 1882 apud
1239 1797 1395 1860 Caesarem
1416 1799 1465 1861 in-

377 1903 499 1967 uenitur
520 1907 589 1986 post
611 1900 715 1979 verba,
734 1922 811 1984 quae
828 1902 982 1977 tentandi,
1001 1886 1208 1983 exspectandi,
1229 1902 1373 1979 conandi,
1390 1903 1463 1964 eda-

359 2007 479 2083 .eeadi‚
501 2005 661 2067 caeciliam
683 2006 823 2086 capiendi
844 2003 892 2068 vel
916 2005 1045 2079 similem
1068 2004 1323 2090 significationem
1345 2003 1464 2070 babent.

378 2110 425 2173 Of.
449 2109 618 2172 Gesnerin
641 2131 715 2172 voce
737 2113 768 2172 et
791 2109 977 2192 Oudendorp
1000 2108 1037 2171 ad
1059 2107 1095 2170 B.
1120 2108 1156 2170 G.
1181 2111 1209 2170 1.
1233 2112 1263 2171 8.
1286 2108 1361 2172 Not.
1385 2113 1414 2170 6.

422 2212 496 2276 Fuit
518 2212 621 2290 etiam,
644 2213 697 2296 qui
720 2234 774 2298 pro
797 2219 887 2296 atque
909 2212 972 2297 legi
995 2233 1082 2296 posse
1100 2215 1221 2296 putaret
1246 2211 1346 2274 aliove
1371 2211 1465 2295 idque

377 2340 393 2380 a
427 2314 660 2401 Palaeographia
697 2339 876 2402 magnopere
912 2316 1140 2379 commendatur
1170 2320 1259 2398 atque
1290 2314 1463 2379 adverbium

378 2443 410 2484 ee
433 2423 554 2504 propter
577 2425 755 2504 corruptum
777 2427 868 2503 aiqae
889 2421 996 2484 inferri
1014 2421 1125 2505 potuit.
1149 2418 1265 2483 Verum
1283 2420 1368 2482 “siae
1386 2419 1463 2481 diri·

373 2523 644 2606 pereai—aiiooe
660 2523 770 2606 ejicere
788 2521 934 2606 pacaeai''
959 2546 1020 2587 non
1043 2529 1091 2587 est
1113 2523 1209 2586 dictio
1232 2522 1348 2585 solutae
1370 2523 1464 2585 orati-

377 2627 445 2689 onis
474 2628 604 2710 prcpria.
647 2625 797 2709 Equidem
826 2648 862 2689 ex
886 2627 1004 2691 duobus
1027 2625 1180 2713 prioribus
1203 2625 1462 2690 emendationibus

374 2730 570 2814 posteriorem
593 2728 760 2813 eligendam
784 2734 866 2813 puto.

422 2830 495 2916 Cap.
520 2834 570 2895 36.
614 2831 700 2894 Haec
722 2830 882 2916 leguntur:
905 2832 992 2894 “Hic
1014 2834 1100 2895 acilo
1123 2836 1157 2896 ia
1178 2833 1241 2896 loco
1261 2833 1464 2895 Macedoniae

376 2940 525 3010 moratas,
555 2946 659 3015 mapsa
689 2934 804 3014 impeiri
827 2935 955 2997 tetendit
978 2936 1020 2998 ad
1040 2936 1210 2999 Domitiam
1232 2943 1262 2998 ei
1284 2920 1353 2999 cum*
1372 2936 1408 2997 ab
1431 2957 1463 2997 eo

374 3038 477 3100 millia
493 3059 643 3119 pascuam
665 3038 731 3100 XX
751 3061 768 3100 a
788 3038 900 3126 eisaei,
919 3041 1016 3103 sabito
1035 3061 1067 3103 ee
1085 3041 1128 3102 ad
1146 3040 1284 3103 Cassiam
1294 3040 1463 3123 despiciam

373 3142 415 3210 ia⁴
440 3141 628 3205 Thessaliam
651 3143 803 3206 conuertit.
849 3142 919 3206 Hac
945 3146 1018 3208 adea
1041 3143 1179 3207 celeriter
1190 3144 1294 3227 fecit,
1313 3150 1349 3206 at
1371 3143 1464 3207 simul
1588 3214 1591 3221 ¹

374 3245 477 3307 adesce
501 3252 530 3308 et
550 3247 651 3309 venire
674 3244 893 3309 nuntiaretur.''

418 3348 458 3410 In
491 3347 540 3411 his
571 3349 777 3434 Nipperdeius
808 3355 941 3415 extrema
964 3351 1170 3436 superioribus
1192 3374 1256 3415 non
1284 3352 1462 3437 respondere

375 3453 528 3526 autumat3
559 3453 668 3514 etenim
699 3474 761 3515 non
791 3453 939 3517 adventus
965 3454 1078 3531 solum,
1102 3454 1226 3519 sedvel
1248 3456 1377 3520 maxime
1400 3455 1462 3519 dis-

376 3574 477 3616 cessus
497 3550 681 3615 celeritatem
697 3554 792 3617 fuisse
811 3554 1034 3621 declarandam:
1062 3579 1155 3641 qnare
1170 3558 1310 3624 emendat
1329 3558 1463 3621 “abiisse
1522 3562 1526 3574 ’

375 3662 405 3717 ei
427 3652 553 3718 aeair'e.'’

419 3759 568 3844 Equidem
586 3760 621 3823 in
640 3760 777 3824 codicum
798 3781 944 3824 consensu
961 3760 1043 3824 nihil
1060 3765 1171 3825 temere
1189 3763 1370 3827 mutandum
1389 3786 1462 3829 cen-

375 3884 433 3927 se0.
479 3864 684 3951 Nipperde'i'ns
707 3869 839 3928 extrema
866 3864 920 3928 illa
942 3864 1031 3929 verba
1054 3864 1099 3928 sic
1121 3865 1355 3950 interpretatur‚.
1373 3868 1461 3952 quasi

376 3968 513 4033 celeritas
536 3969 657 4034 Metelli
679 3970 711 4033 in
736 3991 770 4033 eo
794 3975 950 4047 cernatur,
969 3969 1051 4033 ntis
1071 3968 1163 4033 simul
1181 3968 1295 4035 abiisse
1314 3975 1345 4036 et
1360 3970 1462 4035 venire

375 4074 514 4154 Domitio
536 4074 738 4138 nuntiaretur.
783 4073 842 4137 Sed
864 4073 1000 4158 proxime
1022 4072 1230 4138 antecedentia
1249 4073 1286 4140 de
1303 4072 1461 4159 repentino

375 4178 509 4270 aduentu
537 4179 572 4242 in
601 4176 787 4242 Thessaliam
818 4178 1000 4241 mentionem
1027 4178 1154 4241 faciunt
1198 4178 1307 4262 Itaque
1330 4197 1394 4256 rem
1415 4176 1462 4241 sio

375 4282 509 4368 accipio,
532 4286 567 4346 ut
590 4282 732 4357 Cassius,
753 4303 815 4345 non
839 4281 1014 4359 Domitius,
1037 4282 1140 4346 eodem
1163 4285 1298 4366 tempore
1319 4300 1460 4345 eumve-
1574 4281 1592 4376 :2-

374 4388 441 4450 nire
464 4389 494 4449 et
524 4386 627 4448 adesce
654 4385 792 4449 audierit.
831 4387 912 4450 ‘Non
935 4386 1015 4450 enim
1038 4390 1123 4451 tanta
1146 4383 1273 4448 Metello
1295 4404 1372 4471 opus
1395 4387 1460 4449 erat

375 4490 545 4565 celeritate,
566 4491 603 4552 nt
626 4487 663 4552 ad
686 4487 818 4554 Domitii
843 4494 941 4598 castra
963 4489 1118 4554 accederet
1139 4493 1169 4553 et
1192 4509 1298 4553 rursus
1316 4488 1351 4551 in
1369 4487 1460 4556 aliam
