3609 5450
688 519 885 581 -109-

247 709 315 794 post
337 712 416 784 μεῖον
438 703 537 790 posito
560 700 665 782 θοᾶζειν
687 703 848 768 transitive
869 701 916 764 cst
937 699 1164 793 accipiendum:
1187 701 1327 769 “nullius

244 830 314 874 vero
337 808 394 874 sub
415 809 573 894 imperium
596 806 711 870 minora
735 805 914 882 detrudens,
940 803 1163 890 potentioribus
1173 803 1327 893 imperat,”

242 912 263 977 i.
278 935 303 977 e.
327 913 438 976 maiora
460 915 491 976 et
511 910 628 975 minora
649 910 676 974 ci
700 907 835 973 subiecta
857 912 938 972 sunt.

288 1019 362 1080 618.
384 1016 494 1094 μήποτ’
515 1013 618 1086 εἰςέπιν
647 1011 749 1093 χρόνον
779 1010 861 1076 πόλιν
891 1015 1037 1091 παχῦναι.
1083 1010 1186 1075 Schol.
1208 1013 1249 1083 εἷς
1278 1013 1327 1076 τὸν

243 1118 407 1197 μετέπειτα
434 1117 533 1199 χρόνω
562 1117 666 1195 μήπως
694 1114 813 1193 αὐξήσει
837 1113 917 1179 κότον
939 1117 953 1180 ὁ
977 1115 1060 1187 Ζεύς.
1106 1114 1328 1201 Oorrigendnm

245 1220 366 1304 αῦξήση.
414 1222 499 1286 Haec
532 1221 559 1285 si
589 1224 729 1284 accurate
758 1240 795 1283 ex
825 1217 925 1283 verbis
948 1217 1094 1303 Aeschyli
1117 1219 1328 1304 expressisset,

246 1327 279 1390 in
303 1329 392 1398 textu
413 1325 538 1412 legisset
559 1324 673 1401 μήποτε
698 1323 766 1408 (int.
789 1322 875 1406 Ζεύς)
899 1320 1003 1394 εἷςέπιν
1021 1320 1122 1402 χρόνον
1146 1321 1215 1406 (int.
1234 1321 1327 1406 κότον)
1429 1354 1435 1383 ι

244 1428 329 1494 πόλει
359 1429 479 1511 παχῦνη
507 1426 556 1492 vel
586 1426 731 1507 παχῦναι.
778 1426 837 1489 Sed
867 1424 1018 1489 sententia
1045 1424 1145 1489 finalis
1167 1425 1220 1490 hic
1241 1424 1329 1488 nullo

244 1533 335 1598 modo
357 1534 429 1597 ferri
452 1535 552 1618 potest
574 1535 644 1616 post
666 1533 835 1612 προφωνῦνς
865 1550 954 1593 nemo
980 1529 1060 1592 enim
1083 1550 1144 1592 nem
1168 1528 1329 1616 praedicit,

245 1657 284 1699 ne
317 1636 369 1701 illa
402 1636 469 1720 ipsa
501 1656 548 1698 res
578 1634 639 1697 fiat.
685 1633 793 1717 Itaque
823 1633 850 1696 si
881 1631 1017 1713 παχῦναι
1042 1631 1088 1696 vel
1111 1631 1232 1715 παχύνη
1253 1631 1330 1718 legit

246 1737 357 1816 schol,
389 1735 621 1823 improbandum
655 1739 709 1800 cst.
744 1734 805 1798 Sed
839 1756 902 1798 non
937 1734 1020 1798 omni
1049 1733 1140 1798 dnbio
1163 1734 1261 1799 maius
1283 1736 1330 1799 est

246 1864 315 1906 eam
356 1841 401 1904 sic
435 1839 558 1927 legisse,
591 1861 689 1924 neqnc
722 1839 758 1902 de
792 1836 892 1903 πόλει
928 1840 1062 1916 constat,
1095 1839 1239 1922 quoniam
1273 1860 1329 1924 po·

247 1948 308 2009 test
340 1945 445 2022 μήπως
467 1981 510 1993 -
542 1943 614 2015 Ζεύς
653 1944 690 2008 de
731 1965 786 2008 suo
820 1941 1034 2028 explicationis
1058 1962 1148 2005 causa
1170 1941 1330 2005 addidisse.

246 2048 344 2114 Manu
368 2047 482 2112 scribae
504 2047 637 2112 Medicei
656 2047 694 2112 ad
714 2052 848 2127 παχῦναι
868 2047 1015 2132 scriptum
1033 2048 1079 2109 est
1098 2068 1146 2124 γρ.
1163 2048 1330 2121 πλατῦναι,
1375 2039 1377 2043 ’

247 2173 324 2235 quae
345 2152 466 2216 videtur
488 2151 652 2237 explicatio
678 2144 759 2215 maie
788 2172 841 2236 pxo
873 2150 955 2215 varia
975 2149 1105 2214 lectione
1126 2148 1237 2213 habita.
1281 2148 1332 2212 De

248 2277 339 2320 sensu
361 2256 399 2319 cf.
422 2255 624 2320 Hermannus.

293 2363 367 2424 629.
391 2360 439 2423 ἐπ’
462 2358 583 2442 ἀληέεέρι
612 2358 723 2438 τέρμον’
743 2358 942 2437 ἀμέμπτων
973 2359 1042 2438 πρὸς
1070 2354 1195 2422 ἄπαντα
1225 2355 1332 2444 (vulgo

247 2461 436 2548 ἀμέμπτως).
460 2462 560 2528 Schol.
582 2462 714 2540 βεβαίως
736 2464 776 2535 εἷς
799 2463 943 2535 παντελὲς
968 2462 1050 2551 (fort.
1073 2464 1135 2526 τάν
1157 2460 1252 2546 τέλος)
1276 2459 1331 2542 φέ-

247 2588 299 2645 ρων
326 2565 431 2638 αῦτάς.
477 2566 570 2652 Legit
597 2566 720 2647 τέρμονα
753 2567 877 2647 πέμπων
909 2567 978 2648 πρὸς
1007 2562 1148 2643 ἅπαντας
1191 2565 1243 2630 sed
1272 2563 1332 2628 hoc

247 2667 340 2733 nihili
363 2673 425 2748 est,
447 2670 631 2757 significaret
652 2670 750 2736 enim:
773 2671 881 2755 quovis
904 2671 1010 2748 modo,
1025 2673 1116 2735 etiam
1137 2669 1233 2747 malo,
1264 2689 1332 2755 per-

249 2772 363 2838 ficiens.
397 2774 440 2837 At
463 2774 489 2837 si
510 2794 564 2858 pro
586 2770 710 2837 ἄπαντα
732 2774 915 2839 adjectivum
937 2773 1088 2860 legeretur
1110 2773 1191 2856 quod
1207 2792 1332 2854 prospe·

248 2898 315 2939 νανα
348 2876 533 2963 significaret
555 2876 649 2941 veluti
678 2876 832 2959 ἄμομφον,
865 2899 970 2941 sensus
1003 2876 1101 2940 bonus
1134 2878 1221 2939 esset.
1271 2873 1332 2938 Sed

248 3001 429 3064 quamquam
457 2979 578 3045 nullum
607 2979 775 3058 sdccurrit,
810 2979 892 3063 quod
923 2979 997 3044 satis
1019 2979 1057 3043 ad
1080 2977 1148 3042 MS.
1169 2977 1330 3043 lectionem

249 3084 387 3162 accedat,
407 3088 508 3149 tamen
530 3083 735 3171 ampliandum
754 3104 876 3160 censeo,
898 3084 970 3167 quia
987 3081 1128 3169 vulgata,
1150 3082 1214 3147 sive
1231 3080 1331 3159 ἀμέμ-

248 3213 346 3266 πτως,
370 3189 433 3254 sive
454 3186 613 3268 ἄμεμπτον
640 3188 775 3275 legatur,
804 3209 866 3252 non
897 3187 991 3251 nimis
1013 3191 1083 3273 apta
1104 3190 1159 3251 est.
1204 3185 1238 3249 Si
1260 3186 1332 3249 iun·

248 3314 303 3379 gas
324 3292 392 3373 πρὸς
413 3292 537 3360 ἄπαντα
557 3292 681 3375 τέρμονα
698 3289 873 3371 ἄμεμπτον,
894 3291 1020 3378 languet
1041 3290 1178 3366 ἄπαντα,
1202 3290 1250 3353 sin
1262 3289 1331 3370 πρὸς

250 3394 374 3459 ἄπαντα
395 3418 430 3460 eo
453 3418 543 3461 senaa
564 3418 625 3480 quo
648 3396 717 3479 πρὸς
735 3395 837 3462 πάντα
856 3395 936 3483 apud
955 3394 1190 3482 Xenophontem
1212 3414 1334 3477 quoque

249 3499 407 3563 invenitur
428 3519 482 3585 pro
504 3500 607 3581 puocc'e
627 3502 721 3575 ναοάο,
738 3501 871 3586 pendent
892 3499 1016 3580 τέρμονα
1039 3497 1208 3580 ἀμέμπτως
1227 3518 1334 3562 aursus

248 3605 278 3668 si
300 3602 465 3681 ἀμέμπτως
487 3599 621 3665 scribens
650 3600 728 3665 illuc
748 3602 856 3665 referas
878 3602 948 3682 πρὸς
970 3600 1093 3667 ἄπαντα
1115 3603 1254 3681 τέρμονα,
1276 3600 1334 3664 mi-

250 3728 310 3773 nus
332 3710 437 3792 aptum
459 3707 506 3769 est
522 3703 661 3785 τέρμονα,
684 3724 778 3786 quum
796 3702 917 3767 nullum
935 3704 1079 3767 motionis
1102 3702 1227 3768 verbum
1249 3724 1334 3787 prae-

248 3811 383 3877 cesserit.

297 3918 370 3978 632.
392 3914 498 3978 εῦκτεα
525 3910 602 3990 γένει
623 3910 771 3991 χεούσας,
795 3909 877 3994 qnod
899 3931 1007 3973 manus
1031 3908 1163 3974 secunda
1186 3909 1333 3996 appositis

251 4041 301 4094 αι,
324 4043 341 4092 η
364 4018 495 4082 mutavit
523 4016 558 4080 in
585 4016 710 4081 εῦκταια
739 4014 809 4092 γένη
835 4038 870 4095 χ.
916 4011 1016 4078 Schol.
1046 4014 1172 4095 χεούσης
1195 4016 1265 4093 ἐμοῦ
1288 4015 1334 4076 εῦ-

252 4128 345 4187 αταῦα
367 4121 459 4198 γένει,
482 4120 499 4197 ἢ
522 4120 562 4202 τςῦ
581 4120 666 4198 γένει.
700 4119 774 4206 Leg.
796 4118 866 4197 γένη
890 4118 907 4194 ἢ
930 4118 970 4199 τῷ
993 4118 1079 4195 γένει.
1125 4119 1242 4182 Textus
1265 4115 1335 4192 hic,

252 4229 290 4289 at
312 4223 385 4288 alibi
408 4224 445 4288 ad
468 4224 584 4289 scholia
605 4228 757 4303 mutatus3
779 4244 870 4307 qnare
892 4244 986 4308 paene
1008 4224 1112 4300 credo,
1134 4222 1272 4286 scholion
1296 4218 1333 4282 ab
1415 4287 1418 4291 A

253 4328 368 4393 editore
399 4328 475 4393 male
515 4329 698 4417 descriptum
729 4349 801 4393 esse.
853 4326 928 4391 Non
957 4347 1078 4390 necesse
1108 4325 1166 4388 erit
1196 4345 1332 4399 monere,

251 4431 331 4511 γένει
352 4451 456 4496 verum
478 4429 548 4498 dese.

299 4539 373 4602 698.
395 4534 543 4618 Φνλάοοον
564 4537 594 4602 τ’
613 4533 734 4614 ἀτιμίας
755 4532 865 4613 τιμάς;
888 4534 921 4597 in
945 4554 1037 4619 marg.
1060 4553 1114 4619 pro
1136 4531 1257 4612 ἀτιμίας
1274 4531 1332 4595 ad·
