3609 5450
804 485 979 546 ...64-

351 678 464 762 partem
486 669 732 756 proficismretur.
778 669 882 736 Multo
903 671 1000 757 magis
1022 669 1094 734 inde
1116 668 1216 756 patuit
1238 667 1293 732 illa
1313 667 1443 733 Metelli

352 779 385 841 in
418 774 535 839 itinere
556 773 693 836 faciendo
717 773 873 852 alacritas,
894 772 977 858 quod
998 774 1031 837 in
1054 771 1239 837 Thessaliam
1261 770 1444 851 advenerat,

352 882 509 961 antequam
532 876 656 941 Cassius
678 876 742 960 ejus
764 885 809 941 rei
832 878 943 941 certior
965 881 1042 941 esset
1064 877 1172 940 factus.
1206 874 1291 939 Adeo
1307 898 1444 963 magnus

351 982 414 1046 fuit
443 979 562 1046 Metelli
588 980 736 1066 impetus,
763 984 800 1046 ut
829 980 972 1045 nuntium
995 979 1143 1044 adventus
1166 981 1215 1044 sni
1237 983 1444 1066 praeverteret

352 1090 383 1150 et
413 1083 505 1149 simul
536 1085 637 1147 7777777
669 1091 760 1168 atque
792 1084 896 1147 777777
930 1086 1132 1147 nuntiaretur.
1178 1084 1286 1148 Nexus
1317 1103 1444 1168 quoque

354 1189 586 1263 sententiarum,
616 1187 749 1251 utmihi
771 1186 893 1273 quidem
916 1188 1053 1267 videtur,
1074 1187 1202 1251 lectores
1225 1187 1368 1251 evincere
1392 1185 1445 1249 de-

353 1292 421 1369 bet,
440 1293 613 1378 Scipionem
632 1291 664 1354 id
688 1293 816 1356 maxime
839 1292 952 1379 egisse,
974 1296 1011 1356 ut
1033 1291 1206 1356 Domitium
1228 1294 1331 1376 petere
1356 1289 1444 1354 vide·

353 1399 451 1473 retur,
480 1416 541 1479 quo
572 1394 685 1459 certius
708 1394 813 1459 Cassio
835 1395 1049 1481 superveniret.
1095 1393 1166 1465 Quo
1196 1393 1276 1457 enim
1306 1392 1372 1458 alio
1401 1393 1445 1458 se·

354 1486 479 1562 stinatio
502 1497 555 1560 illa
575 1496 746 1582 spectabat,
768 1499 829 1562 nisi
852 1502 888 1563 ut
911 1497 1045 1561 celeriter
1068 1498 1132 1561 suis
1155 1495 1318 1580 majoribus
1344 1499 1445 1584 copiis

352 1623 473 1687 parvam
502 1600 601 1665 Cassii
630 1622 753 1665 manum
782 1603 979 1688 opprimeret,
1010 1623 1070 1686 quo
1097 1600 1218 1665 facilius
1246 1605 1355 1685 postea
1379 1601 1446 1667 Do·

352 1705 434 1768 mitii
456 1704 592 1790 legiones
614 1705 735 1768 vincere
757 1709 788 1768 77
811 1705 990 1769 Macedonia
1013 1704 1160 1790 expellere
1181 1708 1292 1790 posset.
1432 1692 1450 1729 ⁶

397 1807 469 1893 Cap
494 1812 588 1874 37
569 1807 669 1871 211.
694 1807 852 1872 codicibus
875 1808 969 1872 Paris
993 1830 1050 1871 sec
1074 1812 1104 1871 et
1090 1807 1267 1871 tLeidens.
1291 1828 1338 1893 pr
1363 1794 1447 1896 Nip-

353 1910 492 1997 perde'ius
523 1911 666 1996 scripsit.
702 1910 787 1973 “Sed
807 1934 873 1974 77777
894 1918 971 1974 77777
993 1910 1025 1972 77
1028 1911 1170 1973 77777777
1193 1917 1257 1973 7777
1259 1932 1295 1973 77
1315 1932 1446 2028 campas

354 2016 472 2078 circiter
493 2016 625 2078 millium
642 2036 790 2098 pascnan
808 2015 866 2093 VI,
885 2015 1005 2078 Domit‘
979 2021 1041 2076 77777
1060 2021 1124 2077 7777
1125 2016 1169 2077 777
1180 2015 1335 2098 Scipionis
1351 2015 1447 2079 7777777

354 2141 441 2182 snam
470 2119 654 2203 ι777]“7777,7
641 2118 698 2181 7777
727 2142 747 2181 77
777 2118 861 2181 7777777
886 2139 945 2181 non
971 2118 1120 2180 discedere
1136 2119 1357 2201 perseveravit.
1403 2122 1449 2182 Ac

355 2229 454 2286 77777777
484 2243 570 2304 aspre
599 2221 728 2283 77777777
761 2221 953 2284 Domitianis
981 2221 1065 2284 7777777
1037 2220 1207 2284 77777777
1161 2226 1207 2284 777
1225 2223 1304 2304 fact
1305 2244 1380 2299 cm,
1413 2243 1449 2286 777

354 2325 470 2407 proelio
492 2330 557 2386 77777
545 2325 679 2386 tenderet
666 2320 743 2386 7’777.

400 2427 520 2521 “Nam,
550 2425 709 2513 subjungit
732 2448 759 2488 v.
783 2411 1000 2503 71.,777777777,
1023 2428 1104 2511 quod
1126 2428 1159 2491 in
1182 2427 1346 2492 codicibus
1372 2429 1449 2518 legi·

355 2534 422 2606 tur,
453 2530 632 2594 contrariam
663 2530 842 2594 sententiam
878 2529 1019 2608 inferret,
1054 2531 1140 2614 quasi
1171 2552 1240 2595 cum
1270 2531 1386 2618 Scipio
1415 2535 1449 2598 77

357 2633 426 2697 1777
449 2633 653 2697 munitissimo
682 2634 884 2711 constitisset,
907 2634 1061 2698 Domitius
1084 2635 1210 2718 iniquo,
1232 2633 1264 2698 id
1288 2639 1451 2723 expectari

358 2738 527 2816 debuisset,
549 2742 585 2801 ut
608 2736 778 2801 Domitiani
801 2738 950 2824 proelium
972 2738 1222 2803 committerent.'’

401 2842 525 2927 Itaque,
555 2846 591 2906 ut
618 2864 668 2907 res
699 2842 737 2905 ad
767 2842 919 2927 liquidum
947 2843 1145 2929 perducatur,
1172 2844 1275 2929 quaeri
1307 2852 1452 2933 oportet,

357 2945 460 3031 quid
451 2950 497 3009 int
496 2945 573 3009 ersit
594 2944 642 3009 int
643 2967 674 3009 er
696 2952 831 3009 7777777777
854 2951 943 3012 7777
907 2952 1072 3010 777.7777777
1100 2947 1191 3011 Prius
1210 2946 1340 3033 Belgica
1363 2952 1453 3018 audit

357 3055 499 3111 “incar
486 3044 585 3124 7,”777
606 3052 674 3134 post
676 3049 786 3114 erius‘
788 3059 838 3113 ‘en
860 3051 943 3127 7777,
962 3071 998 3112 en
1014 3050 1149 3112 77777777
1151 3048 1453 3134 ’Utriqueenum

358 3154 437 3243 ciatc
467 3173 626 3215 commune
656 3157 832 3215 esttamen
841 3151 953 3237 ,quod
983 3128 1117 3231 indicat,
1086 3157 1211 3217 ttcou
1212 3174 1245 3216 ra
1267 3155 1453 3240 opinionem

357 3254 671 3339 exspectationemque
694 3252 773 3317 host
751 3258 828 3318 trum
850 3275 914 3322 non
935 3277 998 3318 esse
1011 3260 1197 3341 pugnatum.
1243 3254 1332 3321 Haec
1345 3265 1453 3326 autem

358 3358 508 3421 sententia
541 3358 567 3419 si
594 3356 748 3439 jnnpatnc
777 3357 941 3442 superiori,
963 3357 1098 3421 addenda
1120 3361 1166 3422 est
1189 3359 1384 3443 conjunctio·
1400 3386 1454 3442 77,
1495 3383 1496 3438 1

359 3461 407 3525 sin
431 3465 613 3543 opponetur,
641 3459 790 3548 particula
820 3459 1008 3524 adversativa
1030 3465 1075 3525 est
1098 3460 1274 3526 adhibenda
1322 3465 1454 3554 Superi·

358 3586 438 3629 orem
461 3564 559 3650 igitur
582 3563 763 3627 sententiam
786 3564 914 3649 expendi
937 3586 1057 3629 necesse
1077 3568 1131 3629 est.
1430 3631 1432 3636 ,

402 3668 472 3731 Jam
502 3667 576 3752 quid
605 3670 708 3731 narrat
737 3665 869 3731 Caesar?
902 3667 1074 3732 Domitium
1106 3668 1225 3733 scilicet
1247 3669 1354 3755 copias
1381 3696 1452 3740 suas

359 3772 481 3837 duxisse
514 3772 552 3837 ad
586 3775 683 3836 castra
717 3771 886 3857 ScipioniS,
917 3776 952 3835 ut
975 3773 1131 3857 pugnandi
1166 3772 1282 3859 copiam
1316 3775 1450 3858 faceret3

360 3875 533 3961 Scipionem
565 3896 635 3940 vero
669 3897 775 3939 manus
811 3895 967 3939 conserere
999 3875 1143 3940 noluisse.
1189 3874 1309 3939 Milites
1345 3884 1451 3946 autem

359 3978 489 4045 Domit
468 4000 491 4041 n
523 3979 681 4063 pugnandi
715 3978 858 4064 cupidine
890 3978 1019 4063 flagrant
1020 4001 1050 4042 es
1084 3979 1190 4064 proelii
1231 3982 1450 4050 committendi

361 4084 485 4170 signum
503 4085 626 4166 exspect
627 4102 699 4145 asse
733 4081 844 4145 Omnia
866 4082 903 4145 ad
926 4080 1073 4167 proelium
1096 4087 1231 4169 spectare
1252 4082 1450 4180 videbgntur.

360 4187 445 4260 Quid
467 4186 561 4249 vero?
547 4185 749 4249 PNont
703 4189 749 4247 est
771 4189 887 4299 pugnat
888 4206 949 4248 um
1338 4197 1440 4294 0

403 4291 487 4377 Ergo
509 4288 598 4376 plane
621 4309 677 4352 con
681 4288 805 4351 trarium
829 4288 909 4372 ejus,
943 4288 1024 4371 quod
1047 4293 1169 4375 exspect
1155 4288 1239 4353 ttaba
1225 4292 1276 4352 tur
1306 4247 1450 4360 obtinuit

362 4398 480 4480 ettpar
467 4392 562 4459 ticula
584 4391 731 4457 adversat
707 4396 770 4456 trra
793 4413 892 4457 carere
914 4413 976 4456 non
1000 4393 1242 4477 possumuslte
1243 4393 1328 4458 tineo
1348 4396 1449 4484 igitur

363 4497 501 4562 codicum
531 4497 626 4583 script
627 4517 710 4561 uram
737 4500 772 4568 et
799 4494 830 4586 17.
853 4494 873 4559 l.
907 4499 937 4559 et
969 4496 1041 4581 Cap.
1065 4500 1115 4563 87.
1139 4501 1176 4574 5,
1209 4494 1262 4560 ubi
1287 4496 1454 4568 Labienus.
