3609 5450
905 486 1082 547 -72..

456 669 590 754 profecto
624 672 686 733 erat
719 667 855 753 periculo
888 672 977 758 plena
1007 677 1037 735 et
1072 670 1109 734 de
1140 670 1247 734 castris
1278 673 1379 734 actum
1409 672 1538 735 fortasse

456 771 581 848 fuisset,
610 772 637 834 si
665 770 826 857 Pompejus
856 772 892 836 de
927 795 1028 838 rerum
1061 777 1145 836 statu
1179 773 1289 837 certior
1319 779 1397 839 esset
1428 774 1539 837 faetus.

458 875 519 939 Sed
541 873 651 939 Caesar
673 896 741 939 cum
763 875 918 954 fortunae,
940 899 1016 962 quae
1043 876 1207 963 plurimum
1230 876 1263 938 in
1286 875 1376 942 rebus
1397 875 1539 940 humanis

458 981 576 1065 posset,
604 976 720 1062 aliquid
748 978 973 1044 eoncedendum
1003 979 1145 1066 putabat,
1165 980 1232 1042 turn
1255 979 1327 1042 adeo
1350 977 1456 1065 procul
1474 977 1540 1064 ipse

459 1102 530 1148 oum
557 1079 675 1164 reliquo
703 1080 839 1145 exercitu
864 1102 928 1144 non
950 1081 1068 1157 aberat,
1084 1086 1120 1146 ut
1143 1081 1223 1158 suis,
1247 1083 1274 1145 si
1295 1081 1456 1167 Pompepus
1475 1102 1542 1144 cas-

458 1189 506 1249 tra
528 1182 757 1270 aggrederetur,
778 1181 927 1248 auxilium
949 1184 1026 1250 ferre
1046 1184 1213 1270 desperaret
1235 1205 1271 1248 ao
1292 1183 1406 1271 legioni
1423 1185 1545 1270 potius,

458 1308 548 1372 quam
577 1286 642 1374 ipse
671 1289 802 1370 peteret,
823 1286 974 1353 laboranti
996 1287 1182 1354 adversarios
1204 1309 1290 1372 opem
1307 1287 1423 1352 laturos
1446 1288 1543 1352 eonfi-

459 1389 557 1457 debat.
600 1390 710 1474 Itaque
731 1386 811 1453 nihil
832 1397 950 1456 mutato
972 1414 1049 1479 opus
1071 1396 1125 1457 est

504 1493 577 1578 Gap.
607 1495 648 1556 69
678 1493 712 1556 in
735 1493 794 1556 fine
815 1495 974 1558 “dimonia
996 1492 1099 1581 equi?
1121 1517 1138 1558 a
1159 1491 1345 1580 Nipperde'r'o
1368 1493 1489 1577 ejicitur
1512 1496 1545 1556 et

460 1595 496 1661 in
523 1595 626 1660 locum
655 1595 738 1661 verbi
760 1597 977 1681 “conficerauff
1000 1600 1125 1685 ponitur
1147 1595 1405 1682 “emungerent’‘
1449 1597 1544 1668 Quod

463 1718 517 1764 our
538 1698 662 1776 smeret,
684 1696 741 1763 hae
762 1699 845 1764 fuere
866 1721 991 1765 causae:

507 1801 550 1866 Γ.
579 1801 619 1866 In
644 1807 776 1867 mentem
804 1802 995 1890 fugientibus
1019 1804 1127 1870 'venire
1149 1825 1212 1868 uon
1234 1807 1370 1889 poterat,
1391 1808 1428 1868 ut
1449 1825 1543 1888 equos

463 1903 660 1970 dimitterent

506 2006 548 2072 2⁰.
577 2006 639 2087 Ea,
659 2028 736 2091 quae
757 2004 786 2070 lu
807 2005 828 2071 l
851 2013 1012 2074 narrantur
1032 2010 1066 2073 in
1088 2008 1214 2074 sinistro
1236 2030 1332 2073 oornu
1350 2008 1544 2095 gerebantur,

462 2108 517 2176 ubi
539 2109 617 2175 nulli
639 2114 724 2174 erant
746 2109 870 2194 equites.

508 2216 550 2278 8⁰.
579 2213 615 2277 Si
643 2211 713 2296 quis
742 2216 846 2298 putet,
875 2211 1031 2277 Caesarem
1060 2216 1127 2278 tum
1156 2213 1275 2278 demum
1298 2213 1448 2299 fugientes
1470 2213 1543 2277 reti·

463 2337 535 2382 nere
563 2320 705 2380 conatum
735 2337 816 2392 esse,
844 2336 941 2398 quum
963 2321 1125 2401 utrumque
1147 2339 1243 2382 cornu
1264 2318 1299 2381 in
1320 2319 1394 2403 fuga
1417 2339 1449 2380 se
1471 2338 1543 2379 con-

458 2419 629 2505 junxisset,
668 2439 738 2483 eum
778 2423 918 2504 reputare
957 2422 1094 2504 oportet,
1126 2441 1216 2503 quam
1249 2442 1354 2506 parum
1389 2419 1543 2485 Caesarem

463 2524 580 2610 equites
597 2521 771 2607 juvissent,
792 2523 820 2586 si
842 2525 945 2586 tamen
967 2521 1080 2586 milites
1103 2522 1262 2610 legionarii
1284 2526 1434 2610 fugerent.

507 2625 549 2690 4⁹.
570 2625 693 2711 “Equis
712 2622 870 2689 dimisaie”
892 2631 1063 2713 agnoscunt
1085 2627 1219 2705 codices,
1240 2650 1296 2692 neo
1318 2633 1418 2692 tumen
1438 2647 1543 2691 sensns

462 2752 497 2797 ea
518 2728 608 2795 rerba
629 2730 758 2795 retinere
779 2730 863 2795 sinit.
906 2729 990 2817 Ergo
1012 2731 1156 2818 magister
1177 2731 1251 2797 haee
1273 2732 1400 2797 addidit.

491 2833 686 2926 'Respondeo
712 2836 754 2900 1·.
776 2834 863 2899 Adeo
885 2833 1054 2921 perturbati
1076 2836 1189 2901 milites
1211 2837 1304 2900 animi
1326 2839 1427 2913 erant,
1448 2837 1485 2897 ut
1506 2854 1543 2896 ex

463 2933 544 3006 rullo
574 2938 676 3003 decem
702 2937 811 3025 pedum
840 2940 875 3003 in
901 2940 998 3005 fossas
1021 2940 1154 3024 ejusdem
1176 2940 1348 3005 altitudinis
1371 2936 1543 3012 desilirent;

462 3041 572 3128 quidni
594 3042 709 3126 equites
731 3065 824 3126 equos
847 3043 999 3107 dimittere
1018 3046 1164 3129 potuere?

507 3149 549 3210 22
571 3144 680 3210 Caesar
700 3149 768 3209 tum
789 3145 909 3210 demum
932 3145 1074 3230 colligere
1095 3144 1208 3209 milites
1227 3149 1354 3209 conatus
1369 3146 1431 3219 est,
1447 3163 1542 3226 quum

460 3245 684 3315 munitionibus
705 3247 770 3310 suis
792 3248 1083 3332 appropinquarent,
1104 3246 1158 3311 ubi
1180 3248 1274 3331 major
1295 3245 1446 3311 retinendi
1458 3266 1541 3332 spem

460 3347 570 3415 habere
591 3346 651 3413 sibi
671 3346 838 3412 videbatur.

506 3455 548 3517 θ’.
580 3452 689 3517 Caesar
720 3472 784 3515 non
816 3450 932 3536 equites
964 3455 1101 3532 tantum,
1134 3452 1189 3517 sed
1217 3457 1249 3518 et
1275 3452 1391 3540 pedites
1413 3453 1447 3517 in
1469 3452 1542 3539 fuga

458 3557 565 3623 sistere
586 3555 733 3631 tentarit,
759 3554 806 3619 uti
829 3577 846 3618 e
867 3539 1004 3641 proiiime
1025 3555 1220 3641 sequentibus
1243 3562 1334 3643 patet.
1376 3557 1438 3622 Res
1460 3556 1541 3621 enim

458 3659 505 3725 sio
527 3681 560 3725 se
584 3657 727 3736 habebat,
751 3662 802 3735 ut,
824 3680 918 3743 quum
942 3658 1050 3723 Caesar
1072 3660 1202 3745 equitem
1225 3661 1389 3726 consistere
1405 3658 1540 3744 juberet,

458 3760 511 3828 hio
534 3785 643 3848 equum
672 3763 838 3829 dimitteret
860 3766 890 3827 et
920 3761 1048 3849 pedibus
1077 3765 1206 3855 emplum
1235 3781 1357 3829 sursum
1379 3764 1540 3828 conficeret

458 3889 546 3952 quem
577 3888 654 3951 equo
675 3867 774 3932 fuerat
795 3866 1010 3947 confecturus3
1031 3889 1126 3951 quum
1148 3869 1259 3955 peditis
1282 3870 1405 3956 signum
1427 3867 1540 3953 urripe·

322 3997 325 4002 ·
457 3975 520 4047 ret,
549 3967 623 4048 hoo,
650 3970 766 4057 dilapso
788 3993 840 4048 eo,
862 3971 917 4054 qui
939 3975 1085 4057 portaret,
1108 3970 1247 4036 manibus
1269 3975 1420 4036 retineret
1452 3970 1538 4034 Adeo

457 4074 538 4140 anim
563 4095 666 4138 omnes
689 4074 798 4138 timore
819 4078 904 4138 erant
927 4072 1112 4161 perturbati,
1134 4078 1170 4138 nt
1192 4073 1240 4140 vel
1261 4075 1417 4140 Caesarem
1438 4078 1537 4139 trans-

457 4180 549 4266 figere
577 4176 703 4263 signifer
732 4176 855 4262 quidam
886 4177 1017 4244 voluisse
1039 4183 1193 4255 narretur,
1216 4200 1310 4262 quum
1332 4178 1385 4244 ille
1405 4178 1538 4266 fugienti

456 4305 488 4348 se
516 4285 686 4369 opponeret.
731 4279 851 4345 Deinde
879 4289 1019 4345 “eurem
1041 4280 1234 4366 conjunpm”
1258 4287 1341 4347 reate
1363 4282 1478 4347 dicitur
1501 4282 1539 4347 de

454 4407 503 4463 eo,
527 4388 581 4470 qui
599 4407 722 4456 currere
743 4386 859 4471 pergit3
882 4386 957 4469 quid
979 4407 1050 4450 vero
1074 4386 1228 4473 significat
1250 4389 1395 4451 “eundem
1417 4408 1536 4451 currum

454 4487 667 4575 conjunpara?”
702 4490 827 4556 Tacitus
858 4490 940 4556 Ann.
972 4494 1000 4554 6.
1024 4493 1075 4556 26.
1121 4490 1283 4577 Ooocejum
1305 4493 1438 4559 Nervam
1461 4489 1536 4553 “at-
