3609 5450
803 517 981 578 ..38-

349 704 415 779 lex,
444 721 525 776 eam,
555 706 591 765 ut
621 699 742 787 legibus
772 704 803 764 et
830 701 908 765 mori
930 700 1077 786 majorum
1102 697 1300 774 contrariam,
1323 718 1356 761 se
1378 719 1447 761 non

351 826 511 892 agnoscere
540 804 674 868 ostendit
704 825 801 888 neque
831 802 972 888 probasse
1002 825 1040 867 eo>
1067 807 1213 889 tempore,
1241 822 1302 884 quo
1324 799 1449 866 bellurn

352 905 574 994 erumperet1):
606 907 639 971 id
669 907 752 991 quod
781 907 864 970 facto
888 908 1094 985 confirmavit,
1118 927 1212 990 quum
1235 909 1266 969 et
1288 903 1388 991 legem
1416 910 1450 969 et

351 1010 650 1076 senatusconsultum
680 1033 717 1074 ex
748 1031 781 1074 ea
810 1010 926 1074 factum
957 1010 1130 1097 abrogaret,
1161 1008 1252 1074 simul
1283 1030 1317 1071 ac
1340 1030 1449 1072 rerum

353 1118 431 1180 esset
452 1115 589 1200 potitus:

397 1219 554 1289 Quosnam
572 1217 670 1302 igitur
692 1239 730 1280 ex
753 1215 888 1280 Caesaris
913 1218 1062 1281 sententia
1084 1217 1244 1303 praeterire
1266 1219 1297 1279 et
1319 1216 1354 1278 in
1379 1237 1450 1280 sor-

352 1321 462 1385 titione
484 1319 711 1406 provinciarum
739 1319 893 1406 negligere
915 1342 978 1384 non
1001 1324 1169 1405 oporteret,
1188 1321 1252 1405 jam
1275 1320 1451 1402 uuusquis-

351 1447 409 1510 que
430 1425 529 1488 videt:
552 1424 623 1486 anni
647 1422 765 1486 scilicet
787 1425 919 1508 proximi
943 1423 1099 1502 consules,
1121 1425 1175 1509 qui
1195 1445 1276 1487 more
1292 1422 1451 1506 majorum

351 1527 546 1614 proconsules
581 1531 665 1590 eraut
699 1525 851 1612 designati
874 1534 966 1613 atque
988 1529 1061 1594 adeo
1083 1529 1195 1615 privati
1219 1528 1322 1591 vocari
1345 1549 1452 1610 neque

306 1628 309 1635 ’
353 1634 494 1717 poterant
528 1651 625 1713 neque
660 1628 818 1693 debebant.
863 1632 903 1694 In
937 1632 1040 1697 lacurn
1070 1632 1143 1696 adeo
1174 1653 1294 1708 eorum,
1323 1631 1381 1715 qui
1414 1632 1451 1694 in

355 1733 484 1822 volgatas
502 1733 717 1808 nominantur,
739 1729 893 1796 substituo

690 1884 845 1947 “Pautao
868 1889 898 1948 ct
921 1883 1108 1948 Marcellus''

355 2039 409 2123 qui
431 2060 511 2102 anno
534 2039 575 2103 50
600 2059 617 2101 a
640 2036 674 2102 Ο.
696 2038 739 2103 Ν.
755 2035 902 2102 consules
922 2038 1055 2102 fuerunt.

397 2142 492 2207 Porro
523 2147 592 2227 post
623 2142 810 2222 dejiciuntur
833 2141 1039 2226 Nipperde'r'us
1053 2196 1056 2201 .
1070 2142 1190 2205 exulare
1215 2142 1311 2225 jussit
1340 2143 1453 2207 verba:

354 2245 416 2309 “Ia
449 2246 584 2328 reliquus
607 2245 783 2323 prouincias
807 2250 965 2323 praetores
998 2241 1189 2307 mittuntur.”
1235 2244 1310 2308 Tres
1342 2245 1382 2309 ab
1415 2269 1454 2310 eo

353 2352 520 2413 afferuntur
542 2347 695 2410 rationes:

400 2455 443 2516 Γ.
465 2450 578 2525 Quod,
600 2449 674 2513 licet
690 2453 848 2530 praeluces
869 2470 925 2534 pro
941 2451 1094 2529 praetorii
1116 2451 1189 2535 poni
1212 2450 1323 2534 possit,
1345 2454 1457 2516 tamen

355 2554 433 2620 male
462 2553 570 2618 Caesar
596 2553 733 2616 facturus
755 2552 880 2629 fuisset,
901 2552 931 2616 si
953 2551 982 2616 h.
1006 2551 1025 2616 l.
1049 2553 1188 2639 ambigue
1212 2559 1289 2618 esset
1312 2552 1455 2622 locutus.

403 2663 445 2722 2⁰.
469 2656 560 2728 Quod
592 2677 683 2742 supra
708 2655 773 2739 jam
795 2655 980 2721 declaratum
1003 2662 1097 2735 esset,
1119 2658 1250 2742 reliquas
1274 2658 1456 2744 provincias

357 2767 474 2850 praeter
498 2760 573 2838 dut
596 2761 760 2846 praetorias
781 2761 889 2825 fuisse·

355 2919 367 2942 .
403 2867 443 2932 3⁰.
467 2866 560 2937 Quod
590 2865 635 2928 sic
664 2864 856 2929 incommode
888 2864 962 2930 haec
996 2865 1085 2930 verba
1115 2866 1284 2951 praeposita
1314 2867 1454 2932 sintae·

356 2970 521 3056 quentibus
544 2967 766 3052 “Expectent''
785 2968 872 3054 reliq.

404 3075 536 3151 Verum,
558 3078 594 3138 ut
612 3073 676 3155 jam
700 3074 875 3159 Herzogiu's
899 3072 940 3137 V.
963 3071 1010 3136 Cl.
1032 3072 1265 3136 animadvertit:

404 3174 446 3241 1⁰.
470 3177 541 3241 Hoc
564 3176 632 3239 loco
655 3173 840 3256 “peractores''
862 3174 936 3260 poni
953 3195 1074 3239 necesse
1085 3178 1148 3251 est,
1162 3174 1233 3257 quia
1241 3176 1375 3258 privati,
1387 3198 1455 3258 non

354 3279 505 3365 praetorii
528 3281 613 3341 erant
636 3278 672 3353 ii,
695 3276 805 3359 quiin
830 3276 1003 3361 provincias
1022 3275 1231 3341 mittebantur.
1278 3279 1455 3360 Praeterea,

358 3383 412 3467 qui
443 3403 512 3445 cum
542 3379 669 3466 imperio
697 3379 731 3443 in
761 3380 936 3464 provincias
966 3380 1068 3457 ibant,
1091 3403 1178 3467 saepe
1193 3389 1371 3463 praetorum
1396 3406 1454 3450 no·

359 3486 441 3550 mine
463 3484 542 3569 apud
565 3483 707 3565 antiquos
729 3482 928 3567 designantur
944 3483 980 3567 2).

406 3593 448 3653 2⁰.
470 3585 541 3651 Etsi
568 3587 631 3671 jam
655 3607 745 3671 supra
769 3586 887 3650 dictum
911 3590 994 3665 erat,
1017 3586 1092 3652 duas
1115 3588 1287 3672 provincias
1310 3591 1456 3656 consula·

360 3714 421 3768 res,
451 3691 582 3776 reliquas
613 3690 777 3776 praetorias
808 3689 944 3767 futuras,
973 3694 1073 3755 tamen
1089 3692 1255 3756 ¹incertum
1284 3692 1456 3760 aansare

361 3801 425 3861 erat
447 3796 605 3873 relictum,
627 3797 747 3873 utrum,
767 3815 843 3879 quae
862 3794 1003 3880 Scipioni
1029 3798 1059 3859 et
1081 3795 1220 3860 Domitio
1243 3793 1456 3877 obvenissent,

362 4079 477 4143 Pompeja
492 4077 522 4124 de
535 4072 719 4138 mapistrutibur.
754 4071 792 4121 cf.
809 4071 893 4124 Caesar
909 4071 931 4119 B
948 4072 976 4119 C.
996 4071 1017 4119 1.
1036 4071 1076 4120 22.
1103 4071 1173 4121 “Sed
1188 4078 1215 4121 ut
1230 4089 1256 4121 se
1271 4090 1287 4121 a
1303 4031 1469 4125 contumelia:

360 4156 536 4211 inimicorum.”
551 4154 616 4217 reliq.

393 4240 420 4291 ll.
438 4241 461 4288 l.
479 4239 520 4289 32.
538 4234 718 4285 “Acerbitatcm
734 4230 905 4282 inimieorum”
921 4230 987 4294 reliq.

393 4320 419 4368 11.
439 4321 462 4367 l.
480 4320 505 4369 9.
530 4318 640 4366 “bibere
657 4313 753 4363 comitia
769 4318 839 4378 atque
855 4313 930 4362 omnia
946 4312 1076 4376 respublica
1093 4313 1191 4362 Senatui
1203 4315 1331 4379 populoque
1346 4316 1457 4368 Romano

357 4396 537 4466 permittatur.”

396 4480 421 4539 1)
440 4477 522 4527 Verbis
539 4493 587 4525 se:
606 4473 769 4524 “Provinciae
779 4473 884 4537 pacatis
900 4473 1065 4521 decernuntur.

398 4559 423 4619 2)
440 4558 494 4608 Vid.
511 4556 592 4607 Bromi
608 4555 636 4604 ud
654 4557 717 4620 Nep.
733 4554 770 4603 vit
784 4551 889 4605 Hannib.
906 4554 990 4617 capi
1007 4555 1018 4614 ς
1035 4554 1059 4602 3.
