3609 5450
815 513 970 572 -3-

353 689 582 756 Emendandum
594 693 692 780 igitur
703 696 734 756 et
744 692 931 762 reddendum
946 694 1076 761 Isoorati
1091 699 1333 760 ΝΟΤΘΕΤΕΙΝ
1348 701 1439 756 ΤΑΣ

352 803 604 862 ΜΟΝΑΡΧΙΑΣ.
629 796 721 868 Quod
745 798 905 862 confirmat
927 820 998 862 mox
1022 820 1149 882 sequens
1172 799 1238 869 τοὺς
1258 801 1441 876 κρατοῦντας

352 903 403 964 τοῦ
427 899 550 973 πλήθους
572 897 618 963 ἐπ’
640 900 743 980 νὀρετήν
765 899 965 981 προτρέψειεν,
994 901 1076 986 quod
1099 901 1164 984 ejus
1191 899 1358 964 sententiae
1379 900 1442 963 ite-

352 1002 501 1068 rationem
531 1003 599 1067 ah'is
629 1003 729 1068 verbis
760 1026 823 1068 esse
845 1008 936 1090 patet.
982 1004 1091 1089 Neque
1113 1005 1192 1068 enim
1217 1002 1250 1068 τὸ
1273 1002 1444 1084 προτρέπειν

352 1107 399 1170 ἐπ’
429 1107 533 1187 ἀρετήν
563 1110 610 1169 est
633 1106 782 1184 νομοθεσία
805 1107 857 1171 sed
880 1107 1017 1173 νουθεσία.
1054 1107 1214 1171 Conferam
1237 1107 1327 1170 etiam
1351 1106 1442 1169 Orat.

352 1208 426 1286 XV,
455 1230 522 1294 pag.
551 1211 633 1285 343,
663 1209 690 1273 b.
721 1209 885 1290 διαλεχθείς
916 1209 945 1273 δὲ
973 1210 1035 1289 περὶ
1066 1209 1174 1274 τούτων
1204 1213 1363 1288 παραινῶ
1395 1209 1440 1288 τῷ

352 1318 491 1377 Νικοκλεῖ
518 1313 559 1389 μή
582 1311 715 1393 ρ’ροθυμεῖν
737 1314 805 1391 μηδ’
827 1311 921 1394 ὥσπερ
944 1313 1092 1393 ἱερωσύνην
1120 1312 1266 1396 είληφθτα
1296 1313 1348 1386 τήν
1379 1311 1445 1388 βα-

352 1414 480 1489 σιλείαν,
504 1410 575 1478 οὕτω
598 1416 650 1488 τήν
672 1415 790 1492 γνώμην
813 1415 911 1496 ἔχειν,

349 1516 500 1599 ’προςέχειν
530 1516 578 1580 τὸν
608 1523 669 1581 νουν
698 1525 757 1590 τοῖς
787 1519 969 1600 προίγμασιν.
1012 1520 1076 1591 Qui
1097 1519 1184 1584 locus
1206 1540 1324 1583 mecum
1346 1519 1443 1598 facit3

351 1627 499 1700 παραινεῖν
527 1621 607 1684 enim
639 1620 743 1684 eodem
771 1622 849 1686 redit
871 1645 932 1706 quo
955 1625 1107 1701 νουθετεῖν,
1131 1623 1281 1709 discrepat
1305 1643 1374 1685 cum
1397 1645 1446 1685 νο-

351 1725 490 1802 μοθετεῖν.
526 1724 668 1789 Ceterum
695 1746 733 1788 ne
755 1746 844 1808 quem
867 1727 1001 1790 offendat
1024 1728 1124 1812 ipsum
1147 1728 1214 1798 τοῖς
1236 1724 1445 1805 μοναρχίας

350 1828 488 1892 νουθετεῖν
509 1849 644 1892 moneam
674 1827 857 1892 abstractum
884 1827 936 1891 hic
954 1829 1088 1914 positum
1109 1851 1173 1892 esse
1200 1850 1254 1913 pro
1279 1832 1444 1906 concreto,

353 1929 480 2016 utplus
503 1928 594 1994 semel
617 1931 751 1995 occusrit
772 1931 852 2017 apud
876 1937 1007 2009 veteres3
1031 1930 1127 1994 veluti
1146 1931 1227 2016 apud
1248 1931 1443 1995 Herodotum

353 2035 387 2099 in
416 2035 454 2098 L.
477 2033 578 2110 VIII,
601 2055 626 2098 ο.
650 2037 724 2099 137.
749 2027 822 2107 ήσαν
845 2033 874 2096 δὲ
897 2033 930 2098 τὸ
953 2031 1050 2098 πήλαι
1073 2033 1123 2097 καί
1146 2035 1178 2098 αῖ
1200 2033 1360 2115 τυραννιῖες
1383 2039 1444 2097 τοῖν

354 2130 502 2218 ἀνθρώπων
531 2137 661 2209 οἶσθενέες
691 2138 841 2217 χρήμασι,
868 2140 899 2202 οὐ
922 2142 1023 2215 μοῦνον
1045 2138 1059 2201 ὁ
1082 2137 1180 2215 δήμος.
1215 2138 1268 2201 Sic
1288 2138 1320 2201 αῖ
1343 2138 1444 2218 οῖρχαί

357 2244 431 2304 sunt
452 2241 657 2322 νκαρίοίοαθοοο.

661 2446 746 2510 Orat.
769 2445 818 2508 IV
843 2448 860 2530 φ
885 2449 945 2524 30,
966 2468 995 2531 p.
1018 2451 1077 2525 46,
1100 2468 1126 2510 ο.

400 2658 509 2736 πρῶτον
539 2652 593 2731 μὲν
623 2652 682 2735 γαρ
704 2650 738 2731 ἐξ
760 2647 796 2715 ὧν
818 2650 855 2716 οῖν
876 2659 929 2723 σις’
944 2653 1173 2735 καταφρονήσειε
1197 2656 1252 2716 τῶν
1274 2651 1441 2730 λεγομένοιν

356 2762 393 2833 ὡς
423 2757 555 2838 νῖρχαίυν
585 2756 687 2834 θντοον,
719 2758 751 2821 ἐκ
780 2761 836 2822 τῶν
866 2759 961 2821 αὐτῶν
984 2758 1090 2822 τούτων
1113 2756 1227 2829 εῖκθτοος
1250 2755 1287 2821 θον
1309 2756 1358 2820 καί
1383 2758 1440 2827 τοῖς

356 2861 475 2946 πρήξεις
505 2862 679 2938 γεγενήσθαι
700 2859 846 2939 νομίσειεν·
871 2861 920 2925 διοῖ
941 2860 1000 2942 γαρ
1022 2860 1056 2925 τὸ
1079 2861 1205 2932 πολλοὺς
1228 2859 1364 2941 εἰρηκέναι
1389 2859 1441 2923 καὶ

354 2966 472 3037 ποίντας
501 2965 652 3039 οῖκηκοέναι
683 2965 811 3044 προςήκει
834 2965 876 3043 μή
899 2965 987 3030 καινοὶ
1009 2965 1063 3041 μὲν
1085 2966 1180 3029 πιστοὶ
1202 2963 1232 3027 δὲ
1254 2964 1344 3028 δοκεῖν
1366 2959 1440 3027 εἶναι

357 3070 398 3135 τοὶ
427 3057 578 3146 λεγθμενοο
608 3068 670 3147 περὶ
700 3070 803 3132 αὐτῶν·
828 3066 918 3131 ἔπειτ’
941 3069 972 3129 οὐ
995 3065 1079 3142 μόνον
1102 3067 1228 3130 ε’νταῖιθα
1250 3069 1442 3143 καταφυγεῖν

356 3172 464 3253 ἔχομεν
495 3167 538 3234 θτι
568 3169 616 3232 τὸν
640 3168 728 3245 λόγον
757 3169 807 3232 καί
838 3170 889 3241 τήν
912 3168 1015 3247 φήμην
1034 3168 1071 3230 ἐκ
1093 3172 1226 3231 πολλοῦ
1250 3168 1440 3249 παρειλήφα-

356 3302 428 3356 μεν,
456 3275 541 3339 ἄλλα
570 3273 620 3337 καὶ
646 3273 779 3351 σημείους
810 3270 934 3351 μείζοσιν
964 3272 1121 3351 ήτοθτοις
1137 3269 1214 3337 ἔστιν
1237 3273 1305 3349 ήμῖν
1326 3271 1442 3351 χρήσα-

357 3382 423 3444 σθαι
453 3378 516 3459 περὶ
545 3379 651 3441 αὐτῶν·
682 3377 715 3440 αἱ
748 3376 801 3455 μὲν
824 3375 883 3455 γαρ
906 3382 1047 3440 πλεῖσται
1069 3381 1125 3441 τῶν
1147 3375 1258 3440 πθλεοιν
1281 3375 1444 3454 ὑπόμνημα

358 3493 411 3559 τής
430 3484 566 3552 παλαιοῖς
589 3478 757 3560 εὐεργεσίας
781 3478 842 3543 κτὲ.

404 3586 478 3652 Non
508 3585 609 3670 potuit
643 3584 758 3674 Nostess
788 3582 839 3646 hic
867 3581 997 3647 scribere
1016 3584 1049 3647 ἐκ
1071 3588 1196 3661 πολλοῦ,
1219 3585 1315 3667 quod,
1338 3606 1444 3668 quam-

360 3712 449 3775 quam
472 3710 579 3775 prore
600 3691 672 3752 nata
694 3686 791 3771 majus
814 3686 954 3752 minusve
976 3687 1108 3772 spatium
1132 3687 1294 3772 significat,
1318 3709 1375 3751 usu
1397 3692 1445 3751 ta-

359 3816 429 3858 men
458 3794 502 3856 ita
534 3797 580 3856 est
604 3791 853 3867 determinatum,
876 3793 996 3854 utnon
1021 3790 1057 3854 de
1079 3795 1212 3876 tempore
1233 3790 1369 3868 infinito,
1391 3792 1445 3855 sed

358 3920 423 3963 non
448 3897 493 3960 ita
512 3896 615 3981 ¹longe
645 3894 806 3980 praeterito
836 3895 976 3979 usurpari
998 3894 1097 3958 liceat.
1120 3893 1323 3979 Inspiciamus
1346 3896 1445 3980 speci-

359 4001 452 4067 minis
485 4021 575 4063 eausa
603 3996 681 4061 Plat.
704 3997 825 4061 Menex.
848 4021 877 4084 p.
902 4001 983 4074 243,
1007 4020 1031 4060 e.
1055 3996 1105 4060 καί
1128 3996 1178 4061 εὀῖν
1201 4001 1317 4077 φαῦλος
1340 3995 1373 4078 ή,
1396 3997 1446 4061 ὑπ’

359 4106 463 4186 ἀνδρῶν
486 4107 582 4184 σοφῶν
611 4125 644 4165 τε
675 4099 724 4164 καὶ
755 4102 805 4165 οὐκ
834 4100 895 4173 είκή
918 4099 1121 4177 ἐπαινούντων,
1152 4101 1222 4164 αλλ’
1244 4100 1283 4163 ἐκ
1306 4106 1445 4166 πολλοῦ

359 4208 460 4290 χρόνον
490 4204 595 4283 λόγους
625 4204 903 4285 παρεσκευασμένων
933 4207 964 4266 et
986 4203 1092 4287 Polyb.
1116 4203 1185 4268 Lib.
1209 4203 1241 4267 X
1264 4225 1288 4266 0.
1313 4208 1349 4283 4,
1373 4205 1390 4287 ᾧ
1416 4207 1446 4267 2.

361 4312 436 4384 ίθους
463 4311 488 4375 δ’
506 4309 582 4380 θντος
606 4308 653 4373 δύο
676 4307 842 4389 πατρικίους
865 4306 1072 4385 καθίστασθαι,
1094 4308 1162 4372 πθτε
1185 4306 1286 4371 δὲκαὶ
1309 4307 1446 4372 πλειόνων

361 4411 637 4496 προσπορευομένων,
667 4413 705 4475 ἐκ
734 4416 868 4476 πολλοῦ
899 4412 953 4490 μὲν
982 4412 1032 4474 οὐκ
1055 4411 1169 4489 ε’τθλμα
1198 4410 1446 4491 μεταπορεθεσθαι

358 4521 411 4594 τήν
440 4519 531 4593 αὑτήν
558 4518 654 4599 ἀρχήν
684 4514 831 4599 τθδελφῷ.
866 4515 926 4579 Sed
956 4516 1037 4579 enim
1068 4514 1119 4579 hic
1148 4516 1277 4601 opponit
1300 4515 1445 4599 antiquos
