3609 5450
762 450 939 511 ..77-

306 636 443 720 lidaeque
477 635 633 699 doctrinae
666 632 783 698 consuli
813 653 901 715 quam
935 631 1099 697 temerariis
1129 634 1389 700 emendationibus

306 739 406 804 dicam
436 760 475 803 an
497 735 718 802 mutationibus
748 737 781 800 in
805 735 988 820 scriptorum
1011 737 1176 800 orationem
1195 737 1390 817 invehendis,

305 842 377 928 quis
406 846 466 918 est,
496 842 571 926 quin
589 841 769 926 agnoscat?
812 839 945 902 Tantum
975 837 1054 901 illud
1083 841 1302 919 affirmaverim,
1325 842 1389 908 edi·

304 945 400 1010 tionis
438 965 539 1008 ornam
572 966 635 1007 non
669 944 702 1006 in
735 941 993 1028 repraesentandis
1026 940 1171 1006 librorum
1205 941 1388 1010 lectionibus

305 1049 468 1115 subsistere
491 1046 611 1125 debere,
634 1045 686 1111 sed
708 1044 756 1110 his
779 1050 922 1128 tanquam
945 1045 1140 1110 fundamento
1163 1045 1275 1110 iustum
1291 1069 1390 1112 emen-

202 1144 206 1155 '
307 1152 458 1216 dationem
481 1151 662 1237 scriptorum
685 1147 949 1236 superstruendam
972 1170 1044 1213 esse.
1088 1149 1196 1232 Itaque
1223 1150 1249 1213 si
1271 1155 1390 1215 nostrae

306 1255 412 1319 aetatis
436 1254 538 1318 studia
560 1276 595 1317 eo
617 1253 835 1328 conduxerint,
851 1255 887 1314 ut
904 1251 938 1314 in
956 1250 1087 1336 singulis
1106 1251 1322 1338 scriptoribus,
1340 1253 1394 1337 qni

306 1358 377 1423 libri
407 1362 477 1423 tuto
504 1356 620 1444 negligi
649 1358 782 1443 possint,
804 1377 879 1440 quae
902 1355 1076 1419 adiumenta
1099 1354 1262 1443 diligenter
1285 1376 1392 1441 pervo-

307 1462 433 1526 lutanda
462 1449 539 1537 sint,
568 1467 723 1546 appareat,
749 1459 882 1541 adeoque
913 1459 1034 1522 critices
1064 1458 1282 1544 supellectilem
1305 1480 1393 1544 para·

308 1546 415 1629 tiorem
438 1570 469 1627 et
491 1563 722 1628 contractiorem
745 1559 921 1637 habeamus,
943 1561 1003 1625 iam
1027 1561 1064 1625 de
1087 1561 1197 1626 studiis
1220 1561 1392 1626 litterarum

307 1667 383 1733 bene
417 1671 517 1730 actum
548 1666 690 1729 dicemus.
735 1666 815 1729 Nam
849 1665 988 1749 quisquis
1022 1665 1180 1749 antiquum
1215 1666 1394 1752 scriptorem

307 1769 527 1835 emendandum
557 1770 703 1855 suscipit,
733 1773 802 1833 ante
823 1770 926 1832 omnia
948 1790 1122 1855 persuasum
1144 1767 1252 1833 habeat
1275 1791 1395 1834 necesse

308 1879 370 1951 est,
400 1895 475 1958 quae
505 1873 538 1937 in
569 1873 703 1955 antiquis
734 1871 923 1936 documentis
946 1876 1099 1957 prostent,
1121 1871 1232 1936 collata
1254 1895 1334 1950 esse,
1356 1894 1396 1936 ne

207 1984 214 1991 “
292 1961 429 2062 ι1111111110
461 1976 608 2040 librorum
642 1975 825 2039 testimoniis
859 1973 1082 2038 emendationes
1116 1974 1335 2062 redarguantur
1361 1979 1393 2040 et

308 2081 420 2145 frustra
442 2078 572 2143 laborem
595 2079 762 2163 suscepisse
785 2077 930 2142 videatur.

352 2183 398 2247 Eo
427 2181 555 2246 consilio
585 2203 632 2245 me
660 2202 744 2246 nunc
774 2181 884 2245 iterum
906 2180 944 2245 ad
967 2178 1112 2265 Aeschyli
1135 2182 1278 2265 antiquos
1298 2181 1393 2246 inter·

310 2290 408 2373 pretes
442 2287 578 2363 confero,
611 2308 704 2370 quum
737 2288 911 2371 praesertim
945 2286 978 2349 111
1006 2286 1131 2350 testium
1160 2287 1287 2373 penuria
1313 2284 1394 2350 nihil

310 2393 436 2456 omnino
458 2389 675 2477 negligendum
698 2390 761 2453 sit·
792 2390 947 2454 Nimirum
970 2389 1165 2473 antiquorum
1184 2391 1396 2476 grammatico-

312 2516 380 2558 rum
411 2498 553 2558 annotata
582 2494 615 2556 in
645 2491 731 2556 nullo
755 2495 916 2578 scriptore,
930 2492 1060 2557 minime
1082 2493 1217 2558 omnium
1241 2497 1341 2557 autem
1362 2494 1397 2556 in

310 2595 477 2679 Aeschylo,
510 2585 665 2682 negligere
698 2596 779 2660 lieet.
826 2596 910 2660 Nolo
943 2617 1027 2660 nunc
1062 2596 1099 2661 de
1130 2597 1396 2684 grammaticorum

218 2693 223 2703 ’
312 2699 435 2784 ineptiis
465 2704 518 2765 aut
546 2698 684 2764 absurdis
707 2698 1008 2784 interpretationibus
1031 2698 1192 2780 disserere;
1215 2722 1276 2765 non
1300 2699 1396 2787 magis

313 2802 480 2867 necessaria
509 2801 583 2865 haec
610 2800 798 2886 exprobratio
829 2805 875 2866 est
901 2803 935 2865 in
957 2801 1137 2866 Scholiastis
1160 2802 1396 2889 pertractandis,

311 2928 402 2989 quam
420 2906 454 2969 in
476 2906 566 2969 MSS.
588 2903 772 2969 lectionibus
795 2903 962 2970 scribarum
983 2905 1138 2969 inscitiam
1160 2906 1190 2971 et'
1214 2906 1397 2991 imperitiam
1454 2937 1456 2942 ·

309 3010 472 3096 inerepare.
518 3009 598 3073 Sunt
623 3004 699 3071 mihi
730 3008 847 3091 antiqui
877 3006 1065 3072 scholiastae
1087 3029 1151 3072 non
1174 3008 1265 3072 duces
1288 3008 1324 3072 ad
1349 3007 1398 3071 in-

309 3114 556 3199 terpretationem
586 3110 638 3176 sed
660 3114 752 3175 testes
775 3109 929 3187 lectionis,
954 3132 1031 3195 quae
1050 3133 1066 3175 e
1087 3110 1174 3175 libris
1198 3114 1251 3175 aut
1273 3110 1396 3176 evanuit
1491 3187 1494 3192 Ι

311 3221 364 3280 eut
386 3215 528 3280 tenuibus
551 3215 690 3301 vestigiis
714 3218 828 3279 servata
852 3220 996 3301 superest.
1040 3215 1083 3279 Et
1104 3216 1138 3279 in
1161 3213 1312 3300 Aeschylo
1330 3236 1398 3301 per·

312 3320 454 3381 tractatio
484 3318 607 3383 illorum
636 3319 762 3382 testium
782 3317 888 3405 {magis
919 3322 965 3383 est
987 3319 1169 3396 necessaria,
1188 3317 1269 3404 quod
1294 3340 1397 3384 omues

312 3420 431 3503 antiqui
461 3411 536 3483 libri
571 3442 608 3483 ex
639 3419 800 3507 archetypo
840 3421 981 3487 Mediceo
1019 3421 1105 3487 ducti
1141 3427 1229 3500 sunt,
1267 3423 1399 3507 adeoque

311 3528 428 3610 praeter
453 3520 542 3585 illum
571 3520 683 3585 librum
705 3521 826 3586 Scholia
848 3526 976 3589 unicum
998 3529 1070 3589 sunt
1093 3528 1233 3611 antiquae
1255 3525 1398 3591 lectionis

312 3627 561 3696 documentum.v

277 3763 287 3782 .
357 3729 441 3793 Ante
461 3726 579 3810 aliquot
607 3746 717 3801 annos,
739 3746 833 3807 quum
855 3725 891 3789 de
915 3724 1095 3789 Scholiastis
1115 3725 1180 3790 illis
1203 3728 1398 3808 disserebam,

313 3832 410 3918 magis
432 3835 469 3895 ut
490 3830 643 3895 materiem
665 3827 817 3906 haberem,
838 3850 913 3913 qua,
936 3828 1020 3892 velut
1038 3827 1175 3906 vinculo,
1192 3831 1397 3897 miscellaneis

315 3934 537 4000 observationes
559 3935 730 4019 iungerem,
752 3954 843 4017 qnam
865 3933 948 4017 quod
966 3954 1075 4019 magua
1104 3954 1170 4019 spes
1199 3954 1247 3996 me
1267 3939 1399 4012 teneret,

314 4041 435 4104 forent
457 4061 494 4104 ex
517 4037 566 4101 his
588 4040 694 4123 poetae
722 4036 870 4122 pristinus
898 4036 981 4100 nitor
1003 4036 1228 4111 rest‘tueretur‚
1250 4036 1311 4099 iam
1335 4038 1399 4100 ani-

315 4142 498 4207 madvertere
519 4137 594 4204 mihi
617 4140 702 4204 visus
724 4160 819 4215 eram,
842 4136 964 4229 Scholia
986 4138 1054 4216 illa,
1077 4161 1153 4223 quae
1175 4136 1268 4223 vulgo
1287 4139 1398 4203 serren-

315 4250 375 4322 tur,
396 4246 521 4308 unicum
541 4240 651 4307 habere
671 4243 786 4307 fontem
809 4238 925 4306 scholia
947 4240 1087 4305 Medicei.
1121 4240 1278 4327 Expositis
1297 4242 1394 4327 igitur

316 4371 393 4435 quae
421 4347 458 4410 ad
488 4344 700 4412 Prometheum
731 4349 762 4409 et
785 4342 906 4430 Septem
928 4351 1033 4408 eontra
1056 4342 1174 4407 Thebas
1198 4343 1322 4407 collecta
1344 4344 1398 4408 ha-

316 4453 422 4521 bebam
437 4450 537 4517 inanis
555 4448 632 4516 mihi
652 4470 739 4535 opera
755 4447 913 4514 videbatur
925 4448 1094 4534 ampliusin
1106 4446 1220 4513 scholia
1230 4448 1396 4533 inquirere,

1258 4577 1497 4861 ‘Q
