3609 5450
833 513 1011 575 --ar-
1084 521 1087 527 ·
1171 518 1252 528 ·’

377 693 479 759 haberi
502 699 642 781 poterat?
667 696 752 768 Quid
774 697 893 790 igitur?
918 693 1132 761 Retinendane
1149 695 1295 780 vulgata?
1319 696 1462 774 Minime3

377 799 443 876 sed,
454 799 481 860 si
493 799 629 864 Caesaris
641 800 729 865 verba
741 803 880 866 accurate
890 798 1151 886 perpenderimus,
1163 820 1200 861 ex
1211 797 1270 863 hoc
1282 804 1311 864 ct
1324 800 1462 882 sequenti

377 902 474 985 capite
492 902 624 986 patebit,
645 923 707 967 non
729 903 762 966 id
784 907 889 966 notare
912 903 1083 978 Caesarem,
1107 900 1246 965 consules
1257 905 1290 965 in
1304 902 1462 966 sortitione
1570 896 1572 901 ’

375 1026 440 1067 esse
462 1007 653 1089 praeteritos,
682 1005 734 1070 sed
760 1009 874 1070 morem
895 1007 1045 1091 majorum
1065 1005 1100 1068 in
1123 1003 1317 1090 designandis
1339 1007 1462 1092 provin-

377 1107 490 1170 ciarum
507 1108 665 1192 praefectis
679 1109 856 1195 vvneglectum
876 1131 941 1173 esse
959 1107 1044 1192 queri
1065 1107 1235 1191 omissaque
1256 1109 1367 1188 multa,
1385 1131 1462 1193 quae

376 1209 449 1273 olim
470 1210 503 1272 in
526 1211 663 1274 creandis
685 1212 915 1298 magistratibus
937 1233 997 1274 usu
1020 1211 1122 1300 venire
1145 1211 1284 1276 solerent.
1414 1220 1417 1225 “

419 1320 436 1350 “
445 1314 556 1377 Contra
586 1315 703 1393 omnio,
732 1315 852 1400 inquit,
878 1315 1042 1379 uetustatis
1064 1313 1181 1395 eaempl
1201 1311 1226 1376 .”
1270 1313 1349 1378 Inde
1371 1313 1463 1377 etiam

374 1415 500 1501 privatis
530 1419 704 1504 provincias
739 1419 873 1483 decretas
903 1417 982 1481 dicit
1015 1421 1045 1481 et
1079 1416 1217 1504 neglecta
1249 1417 1314 1504 lege
1348 1418 1464 1482 curiata

376 1519 412 1582 de
441 1521 567 1606 imperio
589 1522 726 1609 privatos
748 1522 845 1586 fasces
867 1519 991 1596 habere,
1013 1505 1174 1605 postquam
1197 1521 1335 1586 consules
1357 1520 1463 1586 urbem

373 1622 569 1708 reliquerint:
598 1626 670 1691 inde
700 1626 879 1702 Afranium,
910 1646 1004 1709 quum
1034 1624 1061 1688 is
1092 1629 1237 1689 nontam
1262 1625 1315 1689 diu
1336 1628 1406 1713 post
1428 1624 1461 1686 in

374 1726 525 1812 Hispania
555 1728 658 1793 victus
688 1728 777 1794 fidem
801 1751 886 1792 suam
909 1750 979 1814 erga
1000 1727 1179 1812 Pompejum
1200 1733 1372 1804 excusaret,
1399 1748 1461 1790 non

374 1852 391 1892 a
414 1853 446 1894 se
467 1831 593 1896 initium
615 1830 688 1896 belli
711 1831 811 1897 civilis
833 1832 950 1894 factum
973 1852 1037 1901 esse
1056 1823 1166 1907 docet,
1189 1831 1386 1916 sedapaucis
1397 1828 1461 1893 illis

373 1934 587 2018 optimatibus,
616 1957 746 2020 quorum
774 1933 808 1997 in
837 1955 870 1998 se
899 1933 970 1998 odio
1000 1934 1122 1996 “omuio
1151 1935 1224 1997 laceo
1246 1938 1316 2018 jum
1341 1934 1462 2017 pridem

373 2044 477 2101 contro
506 2061 538 2103 ae
560 2040 689 2122 parari:
719 2039 752 2102 ic
782 2060 814 2100 ae
840 2038 912 2101 aovi
938 2038 1058 2120 peonis
1086 2036 1215 2120 imperio
1242 2037 1404 2112 constitui,
1426 2043 1461 2098 ut

373 2142 451 2205 idem
483 2142 527 2205 ud
552 2149 660 2226 portam
687 2141 811 2204 urbanis
829 2137 989 2222 praesidio
1011 2139 1098 2202 reduc
1119 2145 1149 2202 et
1172 2141 1246 2203 duca
1268 2139 1461 2204 bellicosissi-

373 2267 439 2307 mae
459 2246 637 2327 provincius
663 2245 768 2308 abacos
788 2250 833 2307 tot
855 2265 952 2306 aanor
978 2242 1130 2305 obtineant:
1154 2242 1187 2304 ia
1214 2266 1246 2305 ae
1264 2244 1344 2328 juro
1366 2243 1461 2326 mapi-

371 2353 522 2412 ctrulaam
544 2350 670 2428 maturi,
691 2371 728 2413 ue
749 2344 792 2422 eu'
801 2353 952 2432 praetura
974 2351 1004 2409 et
1026 2345 1201 2424 consulatu,
1219 2353 1254 2408 ut
1271 2345 1464 2430 semper,aed
1493 2385 1498 2395 .

369 2472 551 2535 perpaucos
566 2453 691 2536 probuti
712 2458 741 2516 et
763 2451 853 2516 electi
874 2452 909 2514 a'c
927 2450 1104 2530 prouincias
1126 2446 1314 2514 mittuntur.''

416 2554 499 2642 llrgo
530 2578 627 2641 neque
655 2556 824 2641 cupiditate
848 2555 921 2619 adeo
944 2556 1120 2616 occaecatus
1143 2558 1206 2616 erat
1227 2552 1349 2631 Caesar,
1372 2550 1461 2636 (quae

373 2657 467 2743 Nipp.
498 2664 545 2723 est
575 2660 725 2723 sententia
754 2679 822 2744 pag.
854 2657 932 2742 128)
963 2661 999 2719 ut
1028 2653 1145 2719 oblitus
1176 2655 1240 2741 ejus
1269 2654 1363 2742 legis,
1384 2677 1461 2740 quae

374 2782 453 2823 anno
484 2765 535 2825 54.
558 2784 574 2825 a
596 2762 631 2826 Ο.
650 2748 696 2827 N.
719 2761 756 2824 de
783 2759 1012 2847 magistratibus
1035 2763 1099 2822 erat
1121 2759 1202 2822 facta
1224 2762 1294 2824 etto
1315 2760 1460 2845 Pompejo

372 2863 407 2925 in
438 2863 599 2928 consulatu
628 2865 813 2941 instaurata,
846 2865 1002 2949 propterea
1034 2859 1066 2924 h.
1085 2860 1106 2923 l.
1136 2862 1264 2946 privatis
1286 2862 1465 2947 provincias

373 2965 508 3031 decretas
538 2988 603 3032 esse
634 2966 764 3044 diceret3
794 2987 891 3049 neque
914 2985 949 3027 eo
971 2967 1121 3048 tempore,
1143 2985 1205 3047 quo
1229 2966 1460 3028 commentarios

372 3070 512 3156 scripsit,
536 3068 673 3156 sperabat
695 3070 772 3146 fore,
795 3073 831 3132 ut
857 3066 931 3130 haec
954 3064 1157 3129 dissimulatio
1181 3065 1258 3153 legis
1283 3068 1331 3152 (ut
1353 3070 1459 3154 opina-

371 3181 422 3240 tur
446 3174 484 3240 V.
508 3174 555 3239 Ol.
577 3197 645 3262 pag.
666 3175 742 3258 131)
762 3172 898 3259 legentes
917 3172 1053 3257 fugeret;
1069 3191 1132 3233 non
1148 3169 1353 3236 dissimulavit
1365 3173 1459 3253 enim;

372 3277 425 3343 sed
448 3281 550 3363 aperte
572 3278 688 3341 indicat
709 3276 807 3364 legem
829 3275 863 3339 in
887 3274 940 3352 iis,
962 3294 1044 3357 quac
1061 3274 1189 3337 Afranio
1212 3274 1377 3360 respondit.

417 3379 548 3458 Verum,
578 3386 614 3443 nt
642 3378 738 3457 nihil,
768 3378 850 3464 quod
880 3378 995 3441 Romae
1026 3399 1043 3440 a
1072 3377 1210 3442 factiosis
1236 3376 1300 3441 illis
1323 3377 1459 3463 Pompeji

372 3482 477 3545 amicis
499 3481 672 3569 gerebatur,
694 3482 852 3547 Caesarem
873 3482 906 3544 in
929 3480 1031 3545 Gallia
1053 3480 1206 3566 fugiebat,
1229 3482 1273 3545 ita
1291 3479 1458 3567 hoepotis-

372 3586 483 3651 simum
512 3585 646 3648 animum
676 3587 740 3670 ejus
769 3585 840 3649 odio
870 3584 1062 3670 impleverat,
1085 3584 1207 3647 eosdem
1227 3582 1382 3662 homines,
1403 3587 1457 3669 qui
1513 3651 1515 3656 ,

371 3688 554 3775 reipublicae
584 3710 672 3753 causa
701 3687 797 3773 legem
826 3688 1001 3771 Pompeium
1032 3686 1069 3749 de
1095 3687 1325 3772 magistratibus
1346 3688 1458 3752 factam

373 3793 521 3871 dicerent,
544 3792 578 3856 in
601 3814 632 3855 se
653 3813 755 3857 revera
777 3813 840 3853 eam
863 3790 988 3866 tulisse,
1010 3793 1046 3852 ut
1068 3793 1139 3874 post
1157 3790 1279 3855 finitum
1297 3792 1458 3877 imperium

371 3897 508 3983 privatus
537 3897 666 3961 Romam
696 3894 810 3962 veniret
842 3898 934 3978 atque
963 3893 997 3956 in
1026 3895 1176 3978 potestate
1202 3895 1281 3957 esset
1303 3894 1456 3981 Pompeji,

357 4000 423 4065 ·eui
446 3997 550 4065 contra
572 4000 669 4087 legem
691 3998 724 4064 in
747 4003 878 4087 quatuor
899 4018 996 4061 novos
1018 4018 1115 4060 annos
1134 3996 1295 4082 imperium
1311 4003 1457 4082 eratpro·

369 4106 519 4189 rogatum.
562 4105 673 4189 Itaque
704 4108 773 4169 tum
805 4103 922 4170 invidia
950 4106 981 4166 et
1010 4101 1082 4165 odio
1104 4100 1264 4180 incensus,
1285 4105 1353 4165 tum
1374 4098 1457 4185 quod

369 4206 524 4295 popularis
552 4207 655 4274 haberi
686 4207 828 4295 cupiebat
846 4206 887 4293 1),
911 4226 987 4290 quae
1016 4204 1163 4293 proximis
1192 4205 1281 4270 annis
1307 4204 1456 4270 latuerat

404 4458 429 4519 1)
447 4457 501 4507 vid.
518 4473 541 4508 v.
558 4456 671 4524 limburg
686 4457 797 4507 Bronwer
812 4457 837 4507 in
853 4472 937 4523 opera,
954 4454 1094 4506 auritulus:
1105 4455 1456 4523 warmatiam

369 4540 450 4588 tom3
474 4553 528 4604 pag.
551 4538 596 4598 36,
620 4539 652 4587 48
674 4552 724 4603 sqq.
757 4536 832 4589 Index
852 4537 926 4603 lagg.
948 4535 974 4587 iu
997 4534 1073 4589 Orell.
1095 4533 1213 4588 Cimb
1233 4533 1457 4598 Elam&
