3609 5450
696 532 874 590 „99-

244 712 390 784 Quamvis
421 715 562 778 neutrum
577 733 612 774 a
641 716 729 798 poeta
759 713 917 829 perspicue
944 713 1064 783 dictum
1097 713 1155 791 sit,
1188 713 1322 788 ὑτόδνσις

242 820 341 881 tamen
375 814 608 900 praeferendum.
652 813 728 879 Taro'
761 815 879 902 saepius
912 838 967 902 pro
995 817 1075 881 daria
1104 839 1121 880 a
1150 819 1247 902 poetis
1273 823 1321 883 est

240 923 367 1004 usurpat
369 940 435 995 um,
460 919 496 981 de
523 939 584 1001 quo
607 918 643 981 cf
668 918 770 983 Herm
794 920 832 983 ad
854 919 959 1006 Eurip.
983 920 1058 985 Hec.
1082 923 1133 984 53.
1167 921 1323 1030 Praeterea

244 1021 374 1093 ὑτόδωσις
396 1042 544 1104 nusquam
569 1019 645 1106 legit
643 1031 691 1085 -.00

287 1128 360 1189 507.
382 1123 505 1201 τιινὶμων
527 1123 557 1187 δέ
579 1147 624 1194 τις
646 1120 748 1200 μάτων
771 1145 829 1204 ταρ
816 1131 936 1205 ραννρεῑ.
983 1125 1110 1190 Schol
1107 1127 1167 1191 ταθ
1168 1127 1203 1190 ὢν
1153 1123 1255 1190 dli
1277 1150 1323 1197 τις

241 1226 340 1306 μνὶτνν
369 1227 471 1292 ἑαυτὸν
501 1227 715 1308 παραμυθεῖται
745 1236 782 1308 τῇ
806 1228 845 1299 εἷς
872 1230 954 1306 ἡμᾶς
976 1229 1126 1294 ἐλπίδι
1109 1226 1270 1304 ιρὲκαττος
1293 1225 1339 1291 dl*

241 1335 296 1395 acia
326 1330 432 1414 φωνέων
462 1331 738 1412 ταρννωρνθήσεται.
785 1327 933 1394 Verba‘
917 1355 1039 1405 εκαωτνς
1065 1337 1121 1397 τῶν
1142 1332 1249 1413 φονέων
1270 1331 1324 1396 vix

218 1438 368 1521 <bossunt
399 1456 467 1499 cum
497 1434 629 1498 lectione
660 1431 741 1497 Med.
767 1433 933 1498 conciliari.
974 1435 1057 1499 'Cum
1079 1440 1206 1519 utraque
1227 1436 1344 1499 inter-.

242 1539 409 1623 pretatione
439 1538 581 1602 convenit
610 1534 779 1601 τλαντων
809 1535 839 1602 δέ
868 1562 923 1610 τις.
969 1538 1033 1610 Qui
1054 1530 1194 1603 ultimam
1214 1537 1325 1604 scholii

242 1644 356 1726 partem
380 1642 504 1726 scripsit
528 1641 716 1726 superiorum
739 1628 955 1726 explicationes
979 1642 1017 1706 ad
1040 1642 1195 1728 vulgatam
1216 1641 1324 1709 lectio-

241 1766 310 1808 nem
341 1743 594 1808 accommodavit:
622 1743 742 1821 τλήμων
772 1743 832 1823 γαρ
859 1745 873 1807 ὃ
900 1745 1026 1821 ἀναιδής.
1072 1746 1213 1810 Ceterum
1243 1744 1326 1830 quod
1415 1804 1417 1806 ,
1464 1759 1467 1763 ·
1574 1744 1576 1751 ⁴

242 1844 363 1918 ἕκαστος
386 1869 440 1933 pro
463 1847 507 1918 τίς
531 1869 547 1910 0
570 1845 731 1911 scholiasta
760 1847 892 1932 positum
917 1851 978 1925 est,
1000 1849 1033 1914 id
1055 1849 1146 1913 etiam
1167 1849 1240 1913 alibi
1261 1847 1334 1913 aas

241 1953 324 2026 tum,
354 1949 449 2014 veluti
480 1949 518 2013 ad
548 1950 647 2013 Prom.
679 1951 760 2024 637,
791 1948 923 2035 Ohoeph.
955 1955 1006 2014 58.
1052 1951 1137 2022 Quae
1171 1951 1209 2015 ad
1242 1948 1326 2017 huno

240 2052 343 2116 locum
373 2053 589 2117 emendandum
620 2053 791 2138 excogitata
818 2054 911 2130 sunt,
944 2076 1006 2117 non
1037 2054 1245 2134 satisfaciunt3
1266 2077 1324 2120 nec

242 2157 356 2226 sufficit
379 2155 555 2223 scholiastes
578 2157 616 2222 ad
639 2156 885 2225 emendationem.
978 2142 981 2148 ¹

278 2264 360 2325 517.
383 2258 439 2323 ἔνθ’
471 2258 540 2324 ὅτων
569 2259 603 2324 τὸ
626 2259 710 2324 δεινὸν
733 2255 765 2324 εὖ
787 2257 845 2324 Καὶ
867 2264 976 2343 φρενῶν
999 2260 1152 2325 ἐτίτκιτνν
1174 2259 1324 2338 ΔειμαΙ-

242 2389 292 2429 νει
322 2364 488 2440 καθήμενον.
536 2363 637 2428 Schol.
663 2366 694 2428 οὐ
725 2371 872 2444 πανταχῇ
902 2364 935 2428 τὸ
964 2364 1049 2429 δεινὸν
1078 2366 1196 2429 ν’ωιεῖναι
1218 2367 1329 2446 φρενῶν
1431 2377 1434 2382 ’
1554 2429 1558 2439 ,

243 2468 293 2533 δει.
340 2467 499 2534 Ριο505110
521 2473 567 2534 est
553 2467 734 2533 tscholiast
722 2472 781 2533 tam
805 2467 947 2533 habuisse
969 2491 1068 2533 veram
1091 2469 1254 2534 lectionem
1272 2468 1331 2533 δεῖ

243 2572 368 2649 μένειν
384 2594 445 2656 pro
467 2571 612 2651 δειμαίνει.
1195 2587 1197 2589 ’

290 2676 363 2738 553.
395 2668 587 2755 τεραιβαδαν
633 2671 733 2736 Sohol.
764 2673 1009 2753 παραβεβηκότα.
1055 2629 1175 2739 Habuit
1161 2679 1270 2757 5ταρ
1277 2699 1328 2741 ωι-

242 2774 384 2856 dalcae,
407 2777 488 2861 quod
510 2782 571 2842 met
571 2777 597 2841 ri
621 2797 726 2841 caussa
748 2779 937 2841 mutarunt'
928 2800 967 2845 ιιι
984 2776 1161 2856 τωρβαταν,
1184 2800 1244 2894 quo
1263 2786 1327 2842 noir

243 2904 320 2968 opus
341 2885 404 2944 erat
412 2904 420 2958 ;
445 2903 513 2945 cum
537 2879 711 2944 Hermanno
734 2880 814 2943 enim
838 2880 866 2942 si
887 2878 1327 2967 uataapaetldraascripseris,

244 2986 346 3051 omnia
368 2987 450 3048 recte
473 3004 505 3047 se
526 2980 646 3047 habeut.

205 3111 210 3116 ·
290 3090 363 3152 573.
386 3087 436 3152 καὶ
458 3084 563 3151 τόνδε
588 3084 682 3170 (Med.
703 3088 782 3150 teste
804 3084 943 3170 005050).
980 3083 1326 3168 80501τῶνἋρεινιω-

243 3194 348 3269 saroa
371 3212 442 3277 ergo
462 3188 710 3265 505015τῶν70,
732 3187 815 3271 quod
834 3188 941 3275 probat
961 3187 1171 3270 Hermannus,
1193 3192 1328 3257 scribens

244 3295 285 3365 εἰς
314 3293 364 3357 τὸν
394 3294 481 3367 αἰανῆ
510 3291 609 3373 χρόνον
632 3294 685 3358 Ἐν
706 3292 793 3357 τῶνδε
818 3291 868 3377 (05
891 3285 939 3357 510
961 3294 1169 3380 Areopagitis)
1193 3294 1269 3368 ὅπως
1291 3294 1329 3359 aa

244 3392 277 3461 εὖ
308 3397 501 3476 καταγνωσθῇ
532 3397 602 3470 δίαν.
648 3396 707 3461 Sed
742 3398 787 3461 sio
820 3397 989 3461 molestiam
1023 3398 1156 3463 creabat
1175 3400 1209 3463 τέ
1239 3396 1328 3464 versu

244 3498 397 3586 proxima,
427 3518 519 3579 quare
542 3498 735 3563 Hermanuus
757 3500 802 3563 ibi
825 3501 970 3583 quaedam
993 3501 1186 3566 intercidisse
1209 3504 1329 3567 statuit.

246 3602 307 3667 His
334 3606 435 3664 tamen
458 3621 533 3684 opus
557 3620 619 3662 nou
641 3603 704 3676 est,
725 3600 752 3662 si
774 3602 930 3694 vulgatam
952 3602 1031 3669 τόνδε
1054 3626 1223 3681 servamus,
1245 3606 1328 3688 quod

245 3705 435 3770 referendum
458 3703 495 3768 ad
519 3702 664 3766 Orestem.
698 3700 800 3771 Quare
821 3702 1017 3788 improbanda
1039 3705 1130 3769 100510
1150 3706 1329 3773 scholiastae

246 3807 293 3872 vel
316 3806 511 3894 glossatoris,
534 3808 599 3869 orta
622 3825 638 3867 e
660 3805 881 3888 permutatione
904 3804 996 3869 solita
1018 3804 1188 3871 litterarum
1209 3833 1223 3873 ι
1245 3814 1275 3874 05
1298 3836 1328 3875 ω.

292 3916 365 3975 598.
396 3909 513 3990 τέταθ’,
543 3906 664 3988 ‘aronae
694 3905 718 3969 δ’
735 3907 768 3970 ἐκ
790 3905 887 3988 τνὶφιυ
910 3906 1051 3983 τέμτει
1074 3911 1180 3991 πατήρ.
1225 3912 1330 3980 schol:

246 4018 283 4087 ὡς
318 4017 396 4092 ὑμᾶς
432 4014 489 4098 (010
512 4012 591 4076 enim
614 4010 715 4095 scrib.)
741 4009 875 4090 ἔτεμφεν
897 4013 915 4086 ἡ
934 4010 1028 4090 μήτηρ
1053 4010 1328 4098 (Clytaemnestra),

247 4116 318 4183 οὕτω
352 4118 469 4194 βοηθοὺς
492 4114 580 4194 actual
605 4115 717 4196 τέμφει
740 4115 754 4179 o‘
777 4116 882 4196 πατήρ.
927 4115 1106 4179 Necessario
1128 4115 1201 4180 hinc
1228 4116 1328 4198 sequi-

247 4226 312 4299 tur,
335 4220 516 4285 scholiastes
538 4219 679 4285 habuisse
698 4219 828 4299 τὲμφει,
845 4219 926 4301 quod
941 4217 1147 4303 recipiendum
1163 4223 1246 4304 puto.
1269 4218 1328 4282 Ul·

248 4326 343 4390 terius
373 4346 548 4409 progressus
581 4322 775 4388 Hermanuus
797 4323 906 4387 statuit
928 4321 1119 4386 scholiastam
1143 4322 1253 4408 legisse
1274 4322 1330 4386 ανξ-

249 4427 329 4506 μωίν’
348 4417 476 4508 νῖρωνιὺς
495 4428 527 4492 ἐν
546 4425 647 4511 τιὶφον
666 4427 778 4508 τέμφει
798 4427 912 4507 τατήρ,
928 4426 1009 4510 quod
1020 4426 1121 4491 minus
1132 4425 1328 4511 probandum

252 4534 375 4621 Optime
405 4532 507 4620 potuit
537 4530 656 4613 ὥρωνιὶς
684 4553 737 4618 per
764 4528 893 4613 αρωνόύς
924 4528 1089 4616 explicare3
1120 4531 1203 4616 quod
1229 4536 1346 4606 autem

390 4641 392 4648 '
1175 4645 1211 4708 ριν
1316 4691 1337 4702 ,¹
1357 4634 1416 4725 ,123
