3609 5450
808 509 989 571 μω..

347 697 422 760 tres
452 691 532 779 apud
558 692 662 758 hostes
684 691 782 778 reliq.:
804 693 968 758 verendum
990 697 1053 757 eret
1076 692 1208 768 ideireo,
1228 715 1267 758 ne
1286 695 1324 759 ad
1343 692 1450 758 hostes
1535 750 1537 755 .

360 795 576 881 transirentl).

406 899 575 982 “laniones
597 922 664 978 222,
679 923 762 985 >qnae
774 900 885 984 pantio
905 907 976 963 ente
994 901 1080 984 npnd
1096 899 1448 984 aduersarioefnernnt.”
1513 953 1515 957 .

362 1003 435 1068 Vid.
457 1003 494 1069 B.
518 1003 551 1066 Ο.
575 1007 603 1066 2.
628 1008 687 1080 28,
711 1009 739 1068 1.
765 1008 815 1068 23.

406 1106 511 1169 “Nan
533 1107 625 1170 etinn
651 1109 794 1171 02222222
808 1107 982 1192 beneficium
999 1113 1169 1172 mutaverat
1184 1109 1379 1185 consuetude,
1390 1132 1449 1193 qna

362 1213 540 1297 offerrentur
558 1207 648 1298 (lege
664 1213 851 1291 conferretur
869 1211 915 1295 22)
939 1211 1107 1295 municipia
1129 1213 1222 1275 etiam
1241 1214 1450 1293 2222222222-

362 1313 443 1376 libne
464 1312 650 1397 eonjnnetn.''
678 1314 777 1386 Quam
800 1313 889 1378 fenile
908 1314 950 1396 'of
965 1318 997 1377 et
1019 1335 1072 1376 eon
1094 1314 1128 1377 in
1149 1315 1363 1401 manuscriptis
1382 1338 1449 1401 per-

362 1417 473 1481 mutari
495 1418 653 1503 potuerint
673 1419 840 1505 scripturae
862 1417 1042 1502 compendio
1065 1416 1218 1495 adhibito,
1238 1419 1312 1482 sutis
1332 1425 1448 1484 notum.

362 1521 411 1584 De
444 1521 639 1604 conjunctivo
666 1524 853 1606 coefferretnr
875 1521 913 1585 ef.
936 1520 1020 1586 Caes.
1043 1520 1079 1586 Β.
1103 1521 1141 1586 G.
1159 1525 1188 1585 4.
1209 1525 1261 1585 34.
1302 1523 1450 1586 “Secntne

362 1631 433 1687 sunt
456 1630 663 1707 2222222222,
686 1646 762 1708 qnae
784 1631 814 1687 et
834 1630 951 1688 nostroe
969 1625 1004 1686 e'n
1023 1625 1134 1688 cestrie
1153 1630 1287 1688 tenerent
1305 1627 1451 1692 22122222

357 1725 575 1812 prohiberent.”
612 1727 719 1793 Cicero
742 1728 779 1792 de
802 1728 862 1792 Off.
885 1731 914 1792 3.
940 1731 989 1792 10.
1023 1727 1193 1790 “Incidunt
1215 1751 1305 1813 22222
1325 1752 1450 1807 enneae,
1502 1713 1504 1716 ‚

312 1886 316 1893 .
362 1855 440 1917 qnae
462 1829 659 1896 eontnrdent.”
696 1831 761 1896 cio.
784 1832 872 1898 Brut.
896 1835 948 1896 92.
982 1833 1076 1894 “Duo
1096 1832 1279 1896 excellebant
1301 1839 1449 1911 22222222,

364 1937 418 2020 qni
440 1958 485 1999 ne
507 1934 697 2001 incitareni.''
726 1922 777 2001 cf.
801 1934 1019 2000 Weissenborn
1043 1937 1060 2018 t
1086 1938 1160 2000 390.

408 2038 521 2104 Sensus
551 2044 612 2105 est:
643 2038 839 2105 Consuetudo
869 2039 1006 2103 Caesaris
1025 2076 1069 2085 —
1088 2060 1148 2123 qua
1173 2038 1255 2103 idem
1271 2038 1450 2104 beneficium

365 2141 537 2207 conferebat
567 2145 599 2206 in
628 2143 757 2220 milites,
783 2143 836 2227 qui
860 2142 989 2207 Corfinii
1011 2164 1064 2206 sna
1087 2147 1193 2228 sponte
1216 2142 1253 2205 ad
1276 2128 1344 2207 emh
1366 2148 1451 2208 tran·

364 2248 478 2312 sierant
507 2248 591 2311 etin
615 2268 681 2324 eos,
704 2247 757 2331 qui
780 2247 811 2310 in
836 2246 962 2330 reliquis
986 2246 1164 2332 municipiis
1188 2246 1319 2311 diversas
1332 2247 1358 2333 2)
1383 2249 1404 2312 i.
1426 2270 1450 2311 e.

364 2351 533 2414 contrariae
554 2350 691 2436 Pompeji
712 2353 812 2437 partes
829 2340 994 2435 'sequentes
1016 2351 1110 2413 armis
1130 2356 1214 2415 erent
1238 2351 1319 2436 eapti
1339 2387 1384 2399 —
1406 2351 1450 2415 ef·

364 2454 453 2533 feeit,
480 2458 516 2518 ut
544 2453 592 2532 id,
624 2453 706 2538 quod
731 2455 823 2519 initio
846 2453 1025 2519 beneficium
1048 2459 1112 2518 erat
1134 2455 1248 2532 visum,
1272 2453 1452 2518 beneficium

365 2579 429 2621 esse
452 2556 618 2635 desineret,
644 2557 736 2622 simul
759 2580 794 2622 ee
815 2579 878 2621 non
900 2556 1031 2643 amplius
1054 2561 1132 2621 esset
1154 2556 1357 2644 privilegium.
1391 2560 1452 2622 Ar-

365 2663 511 2746 gumenta
545 2665 591 2725 est
622 2661 660 2725 B.
693 2661 727 2726 G.
762 2665 791 2725 2.
826 2665 876 2726 32.
910 2659 964 2726 ubi
997 2660 1096 2726 Curio
1130 2660 1245 2728 milites
1282 2659 1451 2740 allocutus,

367 2768 594 2828 commemorat:

411 2867 560 2937 ιι612222
581 2888 682 2930 eornm
704 2889 778 2930 2222
799 2868 900 2929 studio
922 2870 966 2931 nd
988 2868 1165 2951 Corfinium·
1178 2872 1313 2932 Cneeert'
1330 2873 1366 2931 nt
1387 2891 1451 2931 na-

362 2992 455 3054 9222
471 2977 591 3054 partem
613 2969 730 3035 Italiae
752 2970 892 3054 beneficio
917 2977 1007 3054 atque
1029 2972 1210 3035 anctoritate
1231 2992 1345 3049 eornm,
1368 2994 1452 3035 enan

355 3073 484 3162 feeerit.
525 3072 557 3137 V
551 3094 584 3137 22
612 3073 690 3136 enin
712 3081 899 3159 uentnnnnqne
910 3075 1051 3158 fantum,
1073 3075 1173 3137 omnin
1195 3075 1335 3157 deinceps
1356 3076 1453 3139 mnni-

364 3178 447 3263 eipn'n
468 3183 540 3241 ennt
562 3174 692 3242 ennen’

409 3282 518 3346 Caesar
539 3282 635 3368 igitur
657 3279 717 3345 hae·
737 3282 880 3347 orationis
903 3285 989 3368 parte
1011 3302 1132 3345 oausam
1153 3304 1316 3347 memorare
1337 3281 1450 3363 voluit,

367 3386 474 3462 curii,
492 3386 546 3467 qui
566 3389 673 3471 sponte
693 3385 730 3449 ud
746 3408 778 3449 se
793 3386 999 3462 transiissent,
1017 3385 1216 3451 defectionem
1236 3392 1370 3472 spectare
1388 3386 1452 3450 exi-

365 3487 570 3551 stimarentur.
604 3488 764 3573 Reliquum
790 3491 899 3575 eapitis
922 3493 1037 3577 partem
1058 3490 1105 3554 sic
1128 3490 1304 3555 mutandam
1327 3512 1448 3556 censeo:

401 3801 425 3860 1)
442 3800 480 3851 Itu
496 3801 526 3851 B.
544 3802 572 3853 0.
590 3802 614 3853 2.
632 3803 663 3852 31
680 3802 730 3867 ipse
747 3802 836 3852 Curio.-
856 3801 1020 3861 Ι(21222222,
1038 3808 1068 3852 nt
1081 3804 1161 3852 nediu
1176 3810 1244 3854 noete
1257 3806 1449 3871 proficiscamur,

367 3881 473 3933 addunt:
494 3899 539 3949 qno
555 3884 680 3947 majorem,
698 3884 780 3941 erede,
798 3883 920 3933 licentiam
934 3884 1050 3942 habeant,
1067 3883 1108 3948 qni
1119 3900 1221 3948 peecare
1236 3892 1362 3945 conentur,
1384 3885 1451 3947 reliq.

368 3964 407 4013 Cf.
416 3963 446 4014 B.
463 3964 491 4013 C.
501 3965 527 4014 1.
545 3964 582 4017 67.
601 3963 746 4013 “Nocturna
753 3964 849 4027 proelia
865 3979 915 4012 2222
930 3963 1043 4021 uitanda.
1060 3965 1124 4028 qnod
1133 3964 1276 4029 perterritus
1291 3967 1359 4015 miles
1375 3966 1401 4013 in
1416 3964 1450 4012 ci·

366 4043 411 4094 nili
428 4044 571 4093 dissensione
587 4044 667 4094 tinon'
683 4044 770 4108 222222,
787 4060 857 4109 quun
873 4044 983 4108 reliqieni
999 4046 1119 4093 consulere
1134 4046 1304 4095 consueverit.”

401 4125 426 4184 2)
443 4124 497 4173 vid.
518 4123 579 4173 looos
595 4123 623 4174 eb
640 4124 782 4189 Oudendorp
799 4123 879 4173 allatos
895 4124 924 4173 ed
940 4124 965 4172 h.
978 4122 996 4175 l.
1011 4126 1039 4173 cf.
1059 4125 1161 4189 Herzog.
1180 4129 1204 4173 et
1219 4125 1303 4173 Caesar
1319 4126 1347 4172 B.
1366 4125 1392 4170 C.
1409 4120 1447 4170 lib.

367 4206 393 4254 3.
410 4218 459 4269 nep.
476 4204 516 4252 41.
543 4205 635 4259 “Qod
649 4204 741 4254 diverso
758 4204 787 4253 ab
804 4220 833 4253 22
849 4204 943 4267 2292222
958 4204 1046 4252 itinere
1056 4206 1189 4270 profectum
1205 4203 1325 4252 uidebat.”

399 4284 464 4333 Caes.
481 4283 510 4331 B.
528 4283 554 4333 C.
572 4286 595 4333 3.
612 4286 651 4334 30.
685 4285 809 4334 “Diversa
823 4285 869 4333 nn·
886 4286 952 4333 ambo
969 4284 1067 4333 consilio
1083 4286 1193 4349 capiunt:
1213 4284 1310 4339 Caesar,
1326 4286 1353 4329 nt
1369 4298 1450 4344 quan·
1480 4311 1482 4315 >

363 4366 466 4433 prinum
490 4378 516 4411 se
537 4379 588 4413 222
608 4364 713 4415 Antonio
737 4365 902 4429 2222229222,Ι
919 4364 1058 4428 Pompejns,
1075 4370 1103 4413 nt
1119 4362 1265 4412 venientibus
1280 4361 1308 4409 in
1322 4362 1410 4411 itinere
1424 4376 1450 4409 se

367 4447 499 4512 oppeteret.
516 4442 598 4508 reliq.''

400 4525 429 4575 B.
447 4524 475 4575 C.
494 4524 516 4574 1.
535 4524 574 4574 58.
602 4523 719 4574 “Dionei
730 4522 894 4590 pensabant?
928 4522 964 4573 Cf.
982 4522 1123 4574 Feceiolatns
1138 4522 1163 4570 in
1179 4535 1241 4571 voce
1504 4513 1625 4869 c
