3609 5450
745 503 923 566 ..97-

286 681 482 747 referendum.
529 682 693 749 Tentabam
716 683 855 764 δοιιμόνων
877 683 946 768 βίοι,
967 683 988 748 i.
1007 706 1033 749 e.
1050 685 1157 752 invitis
1180 688 1322 776 Apolline
1340 692 1371 752 et

286 783 437 850 Minerva
474 785 520 850 Of.
542 786 633 872 paulo
656 791 726 852 unte
748 811 775 852 v.
800 793 873 853 299.
907 787 1065 852 Mediceus
1090 794 1120 853 et
1142 790 1236 856 schol.
1258 789 1371 855 habeut

285 886 373 963 σκιοί,
396 909 459 951 non
481 889 580 966 οκιοίν,
602 891 684 974 quod
704 912 720 954 a
741 890 797 974 βίοι
818 912 925 975 parum
948 891 1065 969 differt,
1087 894 1230 975 quoniam
1249 903 1275 958 K
1297 898 1368 958 etB

287 990 375 1055 valde
396 991 508 1057 similia
531 997 611 1058 sunt.
657 994 709 1058 Sic
736 993 841 1080 Suppl.
866 998 907 1061 78
938 993 1030 1069 ἢκκί
1052 994 1133 1058 Med.
1157 995 1245 1074 κβκι,
1268 995 1313 1060 ita
1334 1001 1371 1061 ut

286 1095 341 1158 vix
363 1094 399 1158 ab
423 1094 440 1170 d
462 1094 514 1159 κοιί
536 1095 662 1161 differat.
696 1096 742 1161 cf.
766 1086 856 1161 etiim
879 1096 919 1160 ib.
943 1118 970 1160 v.
995 1101 1068 1161 828.

331 1201 405 1262 430.
435 1199 532 1264 κλύειν
561 1198 684 1272 δικοιίους
714 1203 831 1278 μᾶλλον
859 1199 876 1275 ἢ
900 1197 1011 1279 τροῖξνιι
1041 1200 1129 1273 όέλεις
1161 1202 1231 1287 (sec.
1262 1223 1370 1267 manus

287 1299 423 1386 δικαίως).
469 1300 570 1366 Schol.
603 1302 693 1374 όίλεις
726 1302 815 1368 οιύτόν
848 1303 1112 1378 οὶτολοννίυκοόοιι,
1147 1303 1165 1379 ἢ
1199 1310 1370 1386 κοοτκνορεῖς

288 1406 378 1468 αὐτοῦ
408 1406 445 1477 ὥς
467 1402 640 1485 τροίξοοντος.
686 1404 865 1492 Legendum
886 1406 911 1470 ό.
936 1407 1003 1470 adr.
1027 1407 1082 1473 οίτ.
1107 1406 1274 1489 δικοοιότερον
1298 1405 1369 1492 (hoc

287 1507 367 1570 enim
390 1508 516 1592 excidit)
542 1507 750 1589 ἣκοντνινορεῖν
772 1511 861 1574 κὺτοῦ
878 1510 916 1580 ὡς
929 1506 1105 1588 τροίξιοντος.
1140 1511 1256 1595 Utique
1272 1510 1370 1576 κλύειν

285 1608 434 1696 explicuit
449 1609 605 1675 intellecto
629 1613 718 1677 κὺτοῦ
741 1613 830 1676 “eius
853 1611 1058 1677 defensionem
1074 1610 1369 1698 audire,’'quodne-

285 1715 414 1778 'cessario
444 1714 572 1799 requirit
599 1701 727 1792 δικοιίως,
754 1715 881 1798 ideoque
902 1718 1022 1779 textum
1043 1738 1061 1779 a
1083 1717 1215 1780 secunda
1236 1739 1329 1781 manu
1352 1738 1369 1781 e

285 1814 380 1880 schol.
397 1821 565 1881 correctum
579 1822 663 1902 puto.
691 1816 820 1902 Reliqua
836 1817 873 1881 ad
890 1816 1044 1905 vulgatam
1058 1819 1220 1904 pertinent.
1242 1818 1369 1892 Δικοιίως

285 1917 396 1984 bonam
426 1918 547 2005 praebet
576 1920 768 1986 sententiam:
799 1921 880 1984 iuste
907 1923 1004 2007 magis
1028 1921 1132 1984 audire
1155 1922 1257 2007 cupis,
1279 1943 1369 2007 quarn

287 2023 376 2108 (ipsa)
408 2023 520 2100 facere,
548 2023 568 2085 i.
595 2044 619 2086 e.
649 2021 686 2087 ab
710 2023 817 2087 Oreste
840 2026 999 2107 antequam
1023 2044 1142 2088 causam
1166 2023 1249 2088 dicat
1270 2025 1368 2089 iusiu-

285 2125 412 2191 randum
443 2125 595 2213 postulas‚
627 2126 709 2209 quod
740 2129 827 2189 antea
856 2126 922 2211 ipsa
951 2130 1102 2212 praestare
1127 2125 1263 2192 noluisti.
1308 2127 1368 2192 sed

285 2233 408 2316 propter
429 2228 589 2293 lectionem
611 2227 742 2292 Medicei
758 2227 880 2302 δικκίυυς
896 2227 1053 2313 aliquanto
1068 2227 1255 2315 probabilius
1269 2229 1368 2296 κλύειν

283 2332 390 2406 δίκκιός
418 2337 535 2412 μᾶλλον
559 2332 577 2409 ἢ
600 2331 710 2413 νιρῖιξοιι
741 2332 829 2405 όέλεις
859 2331 962 2397 “iusta
987 2334 1091 2419 potius
1114 2333 1254 2420 appellari
1277 2355 1367 2419 quam

285 2436 390 2522 (iusta)
421 2438 518 2502 facere
546 2434 663 2522 cupis‚'.'
692 2458 783 2521 quam
812 2435 974 2501 lectionem
1003 2435 1137 2515 librarii,
1166 2460 1229 2502 non
1251 2437 1367 2504 intelli-

283 2545 389 2626 gentes
420 2541 533 2621 κλύειν,
561 2539 651 2605 facile
676 2544 842 2624 potuerunt
863 2544 988 2605 mutare.
1033 2541 1138 2605 Unum
1160 2540 1243 2626 quod
1264 2541 1366 2607 obstat

284 2648 343 2723 est,
370 2643 451 2728 quod
478 2648 566 2731 poeta
589 2644 634 2707 sio
657 2643 760 2707 minus
784 2647 922 2707 accurate
943 2642 1143 2721 Eumenides,
1165 2645 1246 2730 quod
1268 2645 1367 2710 iusiu-

282 2747 411 2820 randum
440 2748 609 2834 exigerent,
639 2746 770 2810 iniustas
805 2747 892 2811 dixit.
938 2749 1013 2812 Non
1035 2747 1190 2834 pugnabat
1211 2747 1270 2812 hoc
1294 2772 1364 2814 cum

282 2851 348 2915 iure
376 2855 504 2937 recepto.
534 2849 581 2914 Of.
603 2848 675 2933 Lys.
699 2852 750 2915 10.
775 2854 814 2914 11
841 2850 870 2935 (a
893 2850 1028 2914 Stanleio
1050 2850 1088 2913 ad
1111 2849 1140 2914 h.
1159 2849 1362 2937 llaudatns):
1494 2936 1498 2945 Ι

282 2956 373 3033 ὁμὲν
402 2955 461 3035 pap
491 2953 593 3019 διώκων
621 2954 658 3025 oio
689 2951 794 3018 ἔκτεινε
822 2952 988 3031 διόμνυτονι,
1020 2955 1034 3017 ό
1060 2952 1091 3016 δὲ
1112 2953 1231 3035 Φεύνων
1253 2956 1289 3026 ὥς
1302 2957 1363 3020 ὀὐκ

283 3058 412 3125 ἔκτεινεν.

326 3166 400 3227 435.
422 3160 565 3239 οέβουοοιί
585 3161 617 3237 ν’
639 3156 725 3235 οἱξίοιν
747 3162 775 3224 τ’
789 3157 953 3237 ε’τκξίων.
988 3158 1090 3224 Schol.
1113 3156 1362 3238 ιὲξίωνοῦοοινγο-

282 3266 364 3344 νέων,
393 3266 475 3350 quod
504 3268 587 3329 recte
617 3261 844 3328 adlectionem
874 3265 934 3329 ἄνι’
963 3262 1071 3340 ἀξίων
1099 3264 1202 3328 referri
1233 3264 1363 3329 videtur.

283 3370 342 3433 sed
366 3390 471 3432 sensus
492 3367 637 3451 requirit,
661 3367 723 3432 nisi
744 3367 849 3447 fallor,
870 3366 959 3445 οὶξίκν
981 3370 1009 3433 τ’
1032 3369 1078 3433 ἔτ’
1096 3366 1195 3445 οόξίοις.
1230 3367 1364 3435 Medicei

281 3473 379 3559 igitur
399 3471 492 3535 lectio
514 3471 637 3555 propior
656 3492 725 3536 vero
748 3493 812 3537 esse
833 3472 963 3537 videtur.

327 3573 527 3656 κουφόνως
555 3571 667 3652 διοκρεῖν
690 3571 914 3651 ὀξυμηνίτου
937 3575 1029 3646 δίκκς.
1064 3573 1165 3639 Schol.
1187 3574 1291 3657 Φόνους
1314 3577 1365 3657 ε’Φ’

281 3677 322 3754 οἷς
344 3679 464 3761 τονχέως
485 3674 649 3755 κονίσουσιν
671 3675 811 3756 Ἐρινύες,
835 3677 855 3739 i.
878 3698 903 3740 e.
925 3676 1177 3754 όξυμκνίτους.
1213 3679 1262 3742 De
1280 3681 1365 3743 dau·

282 3784 416 3862 μκνίτους
439 3804 502 3848 non
526 3778 731 3868 cogitandum.
777 3775 910 3862 Hesych.
933 3775 1016 3854 ὀξέως
1039 3774 1052 3818 ¹
1076 3778 1205 3858 τοοχέως.
1247 3779 1320 3857 ὀξύ
1345 3782 1361 3835 l

281 3888 373 3967 τοιχύ.
402 3885 570 3964 Ὀξυβελνίς
589 3880 601 3931 l
623 3881 755 3963 -τοιχέως
775 3881 971 3960 βοιλλόιοενος.
1007 3880 1199 3946 Hermannus
1218 3882 1362 3948 inverbis

282 3989 460 4056 scholiastae
481 3989 584 4072 Φόνους
606 3988 638 4052 in
663 3985 731 4051 MS.
749 4007 811 4050 non
831 3985 892 4073 legi
912 3984 1006 4061 dicit,
1024 3985 1105 4068 quod
1124 3984 1199 4049 mihi
1219 4008 1390 4076 perquam,

281 4093 401 4160 videtur
422 4092 585 4179 probabile.
620 4091 742 4155 Omisso
765 4089 845 4153 enim
868 4087 972 4173 Φόνους
994 4088 1026 4152 in
1050 4087 1143 4152 schol.
1166 4090 1216 4171 ἐφ’
1231 4084 1278 4160 κίς
1295 4110 1363 4152 cor-

281 4195 440 4283 rigendum
461 4200 497 4261 ut
518 4194 702 4274 όξνικιινίτους
725 4216 794 4259 curn
816 4192 897 4266 δίκκς
921 4193 1083 4279 iungatur,
1102 4191 1228 4277 ideoque
1240 4196 1361 4277 apparet

281 4306 400 4366 tanturn
431 4298 613 4365 scholiasten
640 4297 780 4364 habuisse
808 4296 1007 4375 όξυμννίτους;
1031 4297 1068 4360 de
1089 4293 1235 4360 vocabulo
1258 4293 1362 4377 Φόνους

282 4427 345 4470 non
375 4407 504 4468 constat.
547 4403 655 4468 Lectio
680 4400 773 4467 schol.
796 4400 917 4466 videtur
939 4398 1106 4486 probanda,
1129 4398 1181 4462 sed
1202 4397 1306 4481 Φόνους
1329 4398 1362 4460 in

281 4509 370 4594 Φόνου
399 4510 533 4586 mutato,
563 4512 598 4573 ut
627 4510 712 4573 totus
734 4527 838 4572 versus
867 4504 912 4569 sic
940 4527 972 4570 se
996 4502 1118 4568 habeat:
1141 4499 1228 4585 Φόνου
1251 4503 1362 4585 δικιρεῖν

1225 4620 1239 4684 7
