3609 5450
808 481 988 543 -23-

360 691 449 753 quam
479 667 568 731 fidem
598 663 796 751 Xenophonti
827 666 975 753 adjungat
1004 665 1084 730 infra
1114 667 1257 750 cognosci
1287 666 1442 750 potentin

361 794 385 835 c.
405 771 500 836 ΧΠΙ.
524 773 610 835 ἐκεῖνο
633 769 662 833 δὲ
685 774 735 833 τοῦ
758 771 881 846 Κτνσίου
904 768 1040 850 λαμτρὸν
1063 767 1113 844 ἤδη
1139 768 1209 854 (leg.
1232 769 1278 853 δὴ)
1303 772 1441 848 ψεῦσμα,

359 875 392 939 τὸ
423 875 592 956 πεμφθῆναι
622 871 716 956 φοίναο
747 874 815 954 πρὸς
846 874 913 945 τοὺς
933 872 1083 947 Ἕλλανας
1105 872 1193 936 αὐτὸν
1215 873 1296 950 μετα
1318 873 1444 937 Φαλίνου

359 984 410 1043 τοῦ
433 978 585 1043 Ζακυνθίου
608 978 659 1042 καί
676 1001 757 1041 τυνυν
780 975 888 1043 σίλλων.
912 981 949 1042 Ὁ
973 977 1032 1057 γοὶρ
1055 981 1184 1058 Ξενοφῶν
1207 974 1351 1052 ἠτίστατο
1376 1000 1441 1039 συν-

360 1082 545 1162 διατρίβοντα
577 1082 701 1159 βασιλεῖ
731 1081 870 1156 Κτνσίαν·
906 1080 1053 1159 μέμνηται
1088 1079 1146 1159 γὰρ
1181 1080 1271 1143 αὑτοῦ
1305 1077 1355 1142 καί
1381 1085 1442 1149 τοῖς

360 1184 488 1264 βιβλίοις
517 1184 625 1255 τούτοις
656 1186 853 1264 ἐντετυχηκὼς
884 1184 969 1258 δῆλός
998 1185 1085 1246 ἐστιν·
1116 1183 1167 1245 οὐκ
1189 1179 1226 1244 tv
1248 1177 1294 1245 οὖν
1322 1180 1443 1245 ἐλίίντα

361 1290 410 1353 καὶ
433 1288 527 1365 λόγον
549 1288 689 1353 τοσούτου
714 1289 787 1373 (imo
809 1287 869 1374 leg.
891 1284 1035 1370 τοσούτων)
1060 1285 1183 1364 ἑρμηνέα
1205 1284 1443 1364 γενίμενονταρ-

361 1402 427 1468 ἧκεν
448 1392 608 1468 οὶνοίνυμον,
633 1398 756 1456 Φαλῖνον
779 1391 808 1454 δὲ
829 1391 878 1464 τὸν
901 1389 1053 1454 Ζακύνθιον
1075 1387 1228 1467 ὠνόμαζεν.
1270 1386 1443 1473 Xenophon

361 1501 459 1559 autem
490 1496 524 1558 iu
554 1494 688 1559 Anabasi
720 1494 837 1559 duobus
868 1492 946 1557 locis
978 1493 1129 1556 diversum
1160 1496 1373 1555 commemorat
1405 1490 1442 1554 de

361 1598 506 1662 Clearcho
530 1599 564 1661 in
587 1597 698 1661 nin-I
721 1619 745 1660 c.
770 1601 798 1661 3.
832 1598 916 1674 Ἐμοὶ
942 1594 1110 1681 (Κλεοίρχῳ)
1134 1601 1222 1675 Κῦρος
1245 1593 1322 1671 ξένος
1345 1592 1440 1670 ἐγένε-

359 1727 391 1769 το
424 1702 480 1766 καί
504 1725 549 1778 με
571 1700 757 1780 Φεύγοντα
779 1702 817 1764 ἐκ
838 1709 901 1774 τῆς
925 1698 1092 1779 πατρίδος
1116 1699 1156 1763 τοί
1178 1701 1206 1762 τ’
1217 1696 1302 1762 οίλλα
1323 1698 1443 1775 ἐτίμασε

360 1807 409 1871 καὶ
440 1803 554 1884 μυρίους
584 1801 669 1866 ἔδακε
699 1802 850 1883 δαρεικούς·
873 1796 920 1875 οὓς
943 1803 1001 1878 ἐγὼ
1024 1801 1126 1878 λαβών
1148 1840 1193 1850 -
1215 1803 1254 1873 εἰς
1278 1803 1356 1879 ὑμᾶς
1377 1801 1443 1864 ἐδα-

363 1908 471 1973 ττοίνων.
494 1944 539 1953 -
561 1906 702 1980 Ἐπειδὴ
733 1905 767 1970 δὲ
793 1911 901 1984 Κῦρος
924 1903 1064 1981 ἕκαλος,
1088 1904 1191 1982 λαβὼν
1215 1907 1293 1982 ὑμᾶς
1316 1905 1443 1986 ε’τορευί-

363 2035 438 2090 μον,
452 2008 495 2086 ἵν’,
512 2007 540 2073 εί
552 2034 580 2074 τι
604 2010 707 2085 δέοντο,
731 2008 871 2093 ὠφελοίην
894 2008 983 2074 αὐτὸν
1004 2009 1067 2073 οὶνί’
1091 2005 1128 2072 ὧν
1150 2005 1183 2073 εὖ
1204 2007 1316 2072 ἔπαθον.
1349 2008 1392 2072 nt
1409 2009 1443 2072 in

363 2114 432 2180 Lib.
463 2114 499 2177 H
531 2134 556 2177 c.
580 2117 608 2176 6.
650 2113 726 2186 Ἤδη
757 2113 786 2176 δὲ
815 2113 921 2194 φυγας
951 2112 987 2175 ὢν
1018 2111 1195 2197 (Κλέαρχος)
1227 2112 1346 2192 ἔρχεται
1376 2113 1446 2192 πρὸς

360 2224 448 2298 Κῦρον
470 2255 515 2264 -
538 2217 632 2281 δίδωσι
656 2217 770 2297 δἀὐτῷ
793 2221 880 2297 Κῦρος
904 2215 1018 2296 μυρίους
1041 2215 1194 2296 δαρεικούς·
1211 2216 1224 2278 d
1240 2216 1269 2280 δὲ
1284 2216 1445 2292 λαβών-

359 2319 506 2396 συλλέξας
530 2319 705 2400 στρατευμα
727 2319 863 2397 ἐπολέμει
885 2326 945 2391 τοῖς
969 2317 1069 2401 Θρριξί·
1093 2357 1137 2368 -
1160 2320 1210 2383 καὶ
1234 2324 1368 2398 τυλεμῶν
1390 2320 1444 2384 δοε-

357 2426 458 2502 γένετυ
481 2423 570 2505 μέχρι
594 2420 627 2487 οὗ
648 2430 736 2504 Κῦρος
759 2424 855 2499 ἐδεήθη
878 2428 928 2488 τοῦ
956 2423 1186 2502 στρατεύματος·
1209 2423 1276 2487 τότε
1292 2424 1444 2497 anenno

356 2531 394 2601 ὡς
423 2529 475 2592 σὺν
505 2527 599 2607 ἐκείνῳ
630 2524 669 2592 αὖ
697 2529 878 2605 πολεμήσων.
920 2527 1039 2598 Quodsi
1061 2526 1160 2612 igitur
1189 2527 1305 2611 aliquid
1327 2531 1445 2614 praeter

359 2631 532 2717 opinionem
563 2629 738 2708 accidisset,
769 2629 858 2713 quale
886 2628 939 2693 hic
965 2633 1083 2706 narrat,
1107 2652 1180 2695 num
1203 2629 1257 2694 ille
1279 2630 1360 2714 quod
1382 2652 1445 2694 me-

360 2737 456 2798 moria
479 2736 606 2820 dignum
629 2738 707 2798 esset
729 2734 1000 2819 praetermisisset?
1032 2733 1117 2803 Quid
1140 2736 1222 2817 quod
1244 2733 1443 2798 Plutarchum

362 2836 436 2900 alibi
467 2839 526 2902 sibi
548 2840 650 2924 ipsum
674 2836 880 2901 adversantem
903 2836 1209 2922 deprehendimus¹in
1232 2859 1258 2903 c.
1282 2838 1323 2901 X.
1353 2841 1389 2902 Ὁ
1413 2837 1442 2901 δὲ

319 2995 328 3012 .
362 2940 539 3025 (Κλέαρχος)
564 2939 678 3020 μυρίους
701 2938 834 3010 σταδίους
856 2939 916 3002 atad
939 2923 1089 3013 ίαλοίσσνς
1113 2941 1141 3002 ἐν
1164 2936 1261 3010 nna
1289 2939 1443 3016 ἀναβεβη-

358 3045 414 3115 κὼς
447 3044 610 3121 μηδενὸς
644 3041 958 3123 οὶναγκοίζοντος,
992 3044 1064 3105 αλλ’
1097 3041 1173 3113 ὄντας
1206 3048 1294 3123 Κῦρον
1324 3045 1364 3114 είς
1394 3042 1444 3108 τὸν

358 3147 447 3230 θρόνον
468 3148 571 3230 καίίσρ
592 3146 641 3212 τὸν
663 3145 813 3224 βασίλειον
838 3146 897 3209 ατὲ.
932 3144 1073 3209 Ceterum
1095 3143 1268 3231 Xenophon
1279 3146 1313 3209 in
1325 3145 1444 3211 Hellen.

358 3252 395 3317 L.
417 3252 472 3315 ΙΙΙ
495 3275 519 3315 o.
544 3256 563 3316 1
589 3253 606 3334 d
632 3256 659 3316 1.
682 3250 809 3331 πέμψας
842 3254 947 3329 Κῦρος,
971 3249 1090 3332 inquit,
1112 3249 1261 3325 αγγέλους
1284 3251 1324 3321 είς
1346 3261 1445 3316 Λακε-

358 3355 483 3433 δαίμονα
513 3355 607 3433 ἠξίου,
630 3350 738 3434 οἷίςτερ
761 3353 848 3425 αὐτὸς
871 3352 1109 3431 Λακεδαιμονίους
1132 3348 1164 3426 ἦν
1187 3356 1216 3417 ἐν
1238 3356 1279 3434 τῷ
1301 3354 1370 3433 πρὸς
1392 3359 1443 3420 Ἀ-

359 3460 486 3534 θηναίους
517 3459 650 3539 πολέμῳ,
672 3459 812 3529 τοιούτους
835 3457 885 3522 καὶ
909 3456 1154 3535 Λακεδαιμονίους
1177 3458 1257 3538 αὐτῷ
1280 3456 1442 3535 γίγνεσθαι.

359 3563 384 3626 οἱ
408 3561 537 3644 δ’ἔφορα
561 3561 659 3625 δίκαια
690 3560 858 3638 νομίσαντες
888 3561 987 3638 λέγειν
1017 3561 1120 3639 αὐτόν,
1150 3572 1207 3625 Σα
1214 3561 1258 3638 μί
1265 3586 1285 3641 ρο
1315 3563 1355 3642 τῷ
1377 3560 1443 3627 τίτε

359 3664 496 3747 νανοίρχῳ
526 3665 698 3759 ἐπέστειλαν
728 3656 874 3744 ὑτνρετεῖν
903 3657 999 3744 ΚοίρῳΔΙ
1014 3663 1042 3728 εί
1068 3690 1096 3729 τι
1120 3664 1216 3731 δέοιτο.
1260 3665 1360 3736 Quam
1382 3687 1444 3729 rem

359 3771 455 3856 igitur
489 3771 553 3834 sine
583 3767 679 3831 dnbio
713 3767 877 3852 respiciens
908 3762 1022 3829 Noster
1055 3767 1158 3831 nescio
1189 3791 1227 3831 an
1257 3769 1441 3833 incuriosius

360 3873 451 3938 alium
474 3879 627 3939 auctorem
650 3876 774 3937 secutus
796 3869 880 3935 brevi
901 3874 1055 3934 momento
1078 3870 1291 3937 dormitaverit.

858 4078 879 4144 1.
903 4080 954 4141 ai.

406 4291 451 4353 Οὐ
482 4289 538 4365 μῖρν
568 4286 654 4352 ἔλαθέ
685 4310 722 4364 γε
752 4288 805 4359 είς
828 4285 919 4350 τολὺν
941 4283 1057 4364 χρόνον,
1080 4287 1151 4350 αλλ’
1174 4283 1223 4360 ἧκε
1245 4284 1369 4362 βασιλεῖ
1388 4290 1442 4344 Τι-

360 4392 507 4473 σαφέρνης
530 4391 731 4469 αὐτνίγγελος.
1219 4388 1221 4391 ’

405 4498 444 4571 είς
468 4497 558 4563 τολὺν
580 4495 680 4577 χρόνον
704 4495 817 4559 Graece
838 4517 900 4560 non
923 4493 1052 4559 dicitnr:
1076 4492 1128 4557 sed
1151 4490 1328 4577 simpliciter
1352 4489 1443 4557 τολὺν
