3609 5450
914 457 1091 519 ..μμ

460 641 572 726 quibus
595 641 797 705 adversarium
819 642 896 705 risui
916 646 1086 726 exponeret.
1131 639 1303 726 Xenophon
1323 640 1455 704 enimin
1476 642 1550 707 Me-

459 746 655 810 morabilibus
684 747 752 811 Lib.
774 747 792 810 I
816 768 841 809 o.
865 751 893 810 2.
918 749 935 830 0
962 750 1017 824 13,
1041 749 1092 810 11.
1123 768 1219 830 neque
1249 745 1424 830 obloquitur
1450 746 1551 830 Poly-

460 849 536 912 orati
559 848 748 915 Alcibiadem
772 850 895 914 Socrate
918 851 1063 936 magistro
1086 871 1175 914 usum
1197 872 1262 914 esse
1282 850 1411 928 dicenti,
1430 855 1461 914 et
1480 852 1552 937 ipse

460 952 571 1018 diserte
594 955 688 1018 tradit
712 976 766 1017 our
788 953 876 1017 illum
900 959 1033 1019 sectatus
1057 954 1106 1017 sit.

744 1158 828 1221 Orat.
854 1159 923 1223 XII
947 1161 965 1242 0
990 1163 1062 1223 205.
1085 1182 1114 1245 p.
1139 1163 1217 1236 289,
1238 1159 1267 1224 b.

504 1363 554 1440 ἤδη
578 1362 798 1442 δὀἓπειρῆκθτος
828 1364 878 1428 καὶ
910 1365 958 1430 δια
980 1367 1032 1440 τῆν
1056 1364 1133 1430 νθσον
1154 1365 1205 1429 καὶ
1230 1366 1278 1430 θινὶ
1299 1365 1332 1429 τὸ
1355 1373 1466 1445 γῆρας,
1489 1375 1552 1433 τῶν

410 1450 415 1474 ⁸
458 1466 687 1531 ἐπισκοπούντων
710 1465 782 1538 τινές
805 1492 845 1545 με
866 1470 917 1532 καὶ
940 1468 1084 1542 πολλοθκις
1106 1469 1309 1546 ἄνεγνωκθτονν
1331 1469 1364 1533 τὸ
1386 1469 1469 1549 μέρος
1494 1479 1551 1536 τοῦ

457 1571 547 1647 λόγον
569 1569 602 1635 τὸ
630 1571 853 1649 γεγραμμένον,
877 1571 985 1636 ἐδέοντο
999 1597 1062 1649 μον
1084 1573 1134 1637 καὶ
1158 1573 1361 1650 συνεβούλευον
1384 1575 1426 1651 μῆ
1449 1598 1552 1638 κατα-

457 1682 553 1739 λιπεῖν
583 1673 671 1738 αὐτὸν
701 1676 828 1751 ῆμιτελῆ
857 1676 925 1752 μηδ’
952 1676 1154 1755 αδιέργαστον,
1183 1679 1270 1742 αλλθι
1297 1686 1418 1752 πονῆσαι
1446 1679 1551 1758 μικρὸν

456 1777 556 1859 χρόνον
578 1777 629 1840 καὶ
653 1777 804 1857 προσέχειν
827 1783 885 1848 τοῖς
909 1784 1017 1849 λοιποῖς
1039 1779 1088 1843 τὸν
1111 1785 1182 1845 νοῦν.

502 1881 562 1944 Pro
593 1880 783 1960 οὶδιέργαστον
813 1880 1033 1944 restituendum
1056 1881 1267 1960 ἀνεξέργαστον
1287 1884 1309 1946 i.
1331 1905 1354 1946 e.
1377 1906 1436 1946 αοα
1460 1886 1549 1946 uteo-

460 1984 572 2062 lutum,
595 2007 690 2048 unum
713 1985 795 2068 quod
818 2007 924 2048 sensus
946 1985 1074 2068 requirit
1093 1990 1214 2071 propter
1234 1991 1347 2050 anteco.
1368 1989 1494 2064 ῆμιτελῆ
1514 1994 1549 2065 et

457 2090 659 2167 θνεγνοοκθταν
681 2089 714 2153 τὸ
737 2088 820 2170 μέρος
843 2096 893 2153 τοῦ
916 2089 1006 2166 λόγον
1022 2089 1054 2155 τὸ
1070 2090 1286 2170 γεγραμμένον.
1318 2089 1547 2171 Ἐξεργοθζεσθαι
1587 2121 1590 2127 ·

456 2194 536 2258 enim
568 2195 723 2279 significat
752 2215 825 2274 οραο
858 2194 1030 2257 inchoatum
1060 2195 1228 2268 σθοοθοονο;
1254 2194 1323 2257 vide
1344 2195 1434 2258 modo
1458 2196 1548 2258 Orat.

457 2297 489 2357 V
511 2320 539 2382 p.
564 2300 621 2373 84,
644 2319 668 2358 a.
691 2294 768 2367 θντος
798 2295 822 2358 δ’
841 2292 886 2361 οθν
917 2297 987 2374 ἐμοῦ
1018 2297 1081 2378 περὶ
1098 2299 1162 2372 Ιτῆν
1192 2297 1404 2376 πραγματείαν
1431 2300 1547 2372 ταθτῆν

457 2398 565 2483 ἔφθητε
595 2398 780 2476 ποιῆσθμενοι
810 2400 862 2472 τῆν
896 2401 1002 2480 εἱρῆνιρν
1032 2401 1096 2481 πρὶν
1127 2399 1334 2479 ἐξεργασθῆναι
1364 2400 1413 2465 τὸν
1433 2401 1545 2476 .λο’γον.

457 2504 508 2566 Sic
541 2525 660 2587 quoque
690 2503 723 2565 in
755 2502 837 2566 Orat.
862 2503 894 2567 X
917 2525 946 2588 p.
970 2508 1047 2580 219,
1072 2504 1100 2567 d.
1115 2543 1117 2546 <
1135 2503 1191 2578 “ῆν
1213 2499 1259 2566 οὖν
1282 2527 1355 2575 τινες
1377 2503 1545 2580 βούλωνται

365 2661 367 2666 .
455 2611 556 2671 ταῦτα
579 2604 825 2685 διεργθζεσθαι
849 2604 898 2669 καὶ
922 2606 1066 2683 μνκθνειν,
1091 2609 1141 2670 οὐκ
1163 2597 1376 2685 οὲτορθσονσιν”
1392 2629 1544 2693 reponen-

457 2710 529 2775 dum
553 2707 758 2791 ἐξεργάζεσθαι
785 2707 852 2773 coll.
876 2733 904 2795 p.
928 2709 1056 2788 019,1ι.
1079 2712 1154 2776 πολὺ
1178 2710 1207 2774 δὲ
1230 2710 1321 2775 πλείω
1345 2712 1386 2776 τθο
1409 2728 1546 2793 παραλε-

456 2815 604 2895 λειμμένα
625 2819 681 2878 τῶν
704 2812 852 2893 εἷρῆμένοον
876 2814 962 2880 ἐστίν.
1006 2816 1224 2900 Saepenumero
1239 2814 1357 2879 librarii
1374 2817 1466 2879 simili
1483 2818 1547 2880 fere

457 2920 608 3006 scriptura
634 2915 808 2981 vocularum
831 2916 864 2993 ἐξ
886 2922 916 2980 et
938 2918 962 2981 δι
985 2917 1070 2982 illusi
1093 2918 1172 2982 hano
1195 2941 1250 3004 pro
1266 2919 1321 2983 illa
1342 2924 1544 3006 scripserunt;

456 3024 526 3087 vide
556 3022 604 3087 vel
635 3022 721 3084 Orat.
752 3021 802 3085 IX
832 3044 861 3106 p.
887 3024 965 3097 003,
996 3044 1021 3085 a.
1045 3022 1097 3086 ubi
1121 3023 1151 3085 G·
1174 3023 1204 3084 D
1227 3022 1260 3098 ἐξ
1290 3023 1419 3100 habent,
1449 3024 1544 3110 vulgo

456 3126 490 3189 δι’
513 3127 649 3190 refertur.
695 3123 797 3193 Quare
827 3146 866 3186 ne
897 3123 1003 3187 dubita
1025 3125 1059 3185 in
1082 3124 1166 3186 Orat.
1189 3124 1244 3186 111
1266 3148 1294 3210 p.
1320 3130 1376 3201 27,
1399 3150 1424 3188 a.
1448 3130 1544 3191 corri-

456 3252 527 3315 gere
549 3226 626 3291 s'rrlv
649 3224 689 3301 ἐξ
712 3207 753 3288 ὤν’
769 3224 805 3288 θον
828 3249 871 3297 τις
894 3230 962 3303 μετ’
983 3228 1088 3304 αρετῆς
1112 3228 1343 3301 πλεονεκτήσειεν
1367 3228 1436 3293 ooll.
1456 3231 1543 3294 Orat.

457 3334 525 3417 Ip.
549 3334 605 3405 10,
629 3330 656 3393 d.
689 3329 719 3389 V
743 3351 770 3414 p.
795 3331 872 3406 106,
895 3350 920 3391 o.
951 3329 1035 3392 XIV
1059 3352 1087 3414 p.
1111 3332 1189 3406 305,
1212 3329 1239 3394 b.
1262 3353 1290 3415 p.
1315 3335 1395 3410 308,
1420 3356 1444 3396 a.
1476 3333 1543 3397 XV

459 3438 561 3520 aar,
584 3434 601 3516 a
626 3435 699 3495 eoo.
1129 3467 1136 3474 -

767 3638 851 3702 Orat.
875 3638 939 3702 XV
963 3640 981 3721 q
1007 3642 1034 3700 1.
1057 3660 1085 3722 p.
1110 3641 1187 3715 310,
1210 3662 1234 3701 a.
1324 3652 1326 3658 '

499 3848 536 3912 Ei
566 3846 619 3924 μὲν
649 3843 741 3923 θμοιος
769 3843 801 3921 ἦν
823 3847 837 3911 o‘
859 3844 947 3921 λόγος
970 3845 983 3908 ὅ
1006 3845 1123 3923 μέλλων
1145 3846 1416 3922 αναγνασθῆσεσθαι
1439 3856 1498 3921 τοῖς
1523 3853 1541 3927 il

456 3950 525 4031 πρὸς
554 3951 620 4021 τοὺς
650 3952 768 4026 ἀγῶνας
791 3948 808 4023 ἢ
831 3949 899 4028 πρὶς
928 3948 984 4019 τας
1015 3947 1162 4023 ἐπιδείξεις
1185 3950 1380 4027 γιγνομένοις,
1405 3952 1480 4016 οὐδέν
1504 3952 1541 4018 θον

456 4052 536 4135 οἶμαι
559 4054 800 4136 προδιαλεχθῆναι
824 4051 886 4131 περὶ
911 4054 1018 4116 αὐτοῦ·
1044 4058 1090 4117 νῦν
1114 4052 1143 4115 δὲ
1166 4053 1212 4117 aa
1234 4055 1286 4128 τῆν
1308 4055 1466 4131 καινθτντα
1489 4058 1540 4121 καὶ

456 4162 508 4236 τῆν
531 4158 670 4242 διαφοραν
693 4156 855 4232 αναγκαῖον
879 4157 941 4244 ἐστι
964 4163 1107 4237 προειπεῖν
1129 4157 1185 4227 τας
1208 4157 1315 4229 αἰτίας.

501 4258 662 4339 Ριοοῖμαι
690 4259 850 4324 Urbiuatis
875 4264 1027 4323 correctus
1051 4260 1081 4321 D
1106 4260 1157 4323 dat
1180 4260 1242 4323 ἔδει.
1277 4260 1368 4330 Quod
1392 4284 1486 4345 quum
1510 4269 1541 4327 et

455 4368 558 4431 sensui
580 4388 632 4452 per
655 4388 686 4429 so
709 4364 869 4428 conveniat
892 4368 923 4426 et
941 4364 1015 4427 bene
1030 4365 1208 4449 respondeat
1224 4366 1360 4448 sequenti
1376 4368 1542 4443 ἀναγκαῖόν

455 4472 516 4535 ἐστι
539 4493 600 4534 uon
623 4470 699 4536 male
727 4467 848 4554 quidem
873 4468 1020 4544 correxit,
1045 4467 1097 4531 sed
1119 4469 1219 4534 minus
1242 4470 1280 4533 ad
1304 4493 1392 4535 usum
1415 4473 1542 4536 Attico
