3609 5450
916 456 1092 516 ...16-

460 637 484 702 δ’
497 636 753 715 ἐξεπολιόρκησαν,
778 638 818 708 είς
841 635 871 699 δὲ
892 638 946 711 την
968 638 1105 719 Ἀργείων
1124 636 1293 715 εἰσέβαλον,
1317 637 1394 702 οὐδὲν
1417 638 1441 702 δ’
1452 639 1552 703 ἐπαύ-

460 765 548 806 σαντο
577 741 643 813 τούς
674 741 728 818 μὲν
755 738 864 811 οῖλλονς
894 745 990 812 κακοῖς
1019 745 1180 817 ποιοῦντες,
1205 743 1303 813 αύτοῖς
1326 741 1355 805 δὲ
1377 743 1429 816 την
1452 737 1552 816 ἧτταν

459 845 512 919 την
534 845 575 907 ε’ν·
589 844 744 926 Λεύκτροις
767 843 1053 923 παρασκευάζοντες;
1077 841 1109 918 θίν
1135 844 1215 926 φασί
1236 869 1311 916 τινες
1334 844 1433 910 αἰτίαν
1455 869 1553 923 γεγε-

460 948 558 1022 νῆσθαι
581 956 617 1029 τῇ
637 947 765 1029 -Σποίρτη
786 952 842 1012 τοῖν
863 951 975 1024 κακοῖν,
998 949 1048 1012 ούκ
1070 948 1164 1024 οῖληθῆ
1185 948 1336 1024 λέγοντες·
1360 951 1392 1014 ού
1415 949 1476 1030 γὰρ
1500 949 1554 1014 ere

460 1051 572 1127 ταύτην
594 1052 648 1116 ὑπὸ
670 1057 727 1117 τῶν
749 1051 920 1131 σομμοίχων
942 1052 1134 1130 ε’μισθθησαν,
1151 1053 1253 1116 οῖλλοῖ
1269 1052 1327 1117 δια
1342 1053 1409 1125 τοῖς
1425 1052 1555 1132 ὕβρεις

459 1155 531 1228 τοῖς
547 1157 581 1220 ἐν
596 1163 676 1228 τοῖς
699 1154 900 1237 ἔμπροσθεν
922 1154 1070 1236 χρόνοις
1091 1156 1153 1220 καῖ
1176 1155 1318 1231 ταύτην
1334 1157 1557 1233 ἡττήθησαν

459 1259 509 1324 καί
539 1259 602 1339 περί
632 1267 685 1333 τῆς
713 1260 807 1324 αύτιῖν
837 1259 1041 1325 ἐκινδύνευσαν.
1076 1260 1148 1339 χρη
1171 1258 1207 1323 δὲ
1230 1260 1298 1332 τοῖς
1321 1260 1451 1332 αἰτίας
1476 1263 1557 1325 ε’πι-

459 1363 587 1446 φέρειν
613 1363 650 1424 ού
673 1368 751 1432 τοῖς
778 1368 910 1433 κοινοῖς
936 1368 1014 1433 τοῖς
1037 1361 1097 1426 ε’πῖ
1120 1371 1164 1442 τῇ
1187 1371 1349 1445 τελευτῇ
1371 1365 1557 1442 γιγνομέ-

460 1489 549 1542 νοις,
572 1464 674 1528 οῖλλίι
696 1470 772 1536 τοῖς
795 1463 946 1543 πρώτοις
968 1468 1036 1529 τοῖν
1059 1465 1361 1546 αμαρτημοίτων,
1378 1465 1418 1543 ἐξ
1433 1463 1556 1532 ύνέπῖ

460 1571 525 1643 την
554 1569 736 1641 τελεντην
766 1566 910 1640 ταύτην
939 1569 1239 1650 κατηνέχθησαν.
1286 1570 1355 1634 Neo
1382 1569 1481 1634 solum
1505 1572 1556 1636 ibi

457 1671 547 1735 illius
572 1670 667 1734 eladis
689 1693 788 1734 veram
812 1692 931 1733 causam
953 1671 1061 1748 refert,
1086 1673 1138 1737 sed
1161 1673 1251 1737 etiam
1273 1675 1420 1738 rationem
1444 1676 1555 1753 affert,

462 1796 538 1858 quae
560 1795 684 1860 prorsus
707 1773 769 1837 vim
792 1772 936 1857 infringit
957 1772 1048 1836 istius
1071 1774 1277 1838 additamenti.

893 1976 973 2041 iaie.
997 1980 1015 2062 a
1042 1982 1113 2042 ree.

508 2193 637 2266 ἡγοῦμαι
659 2188 774 2264 δ’ύμοῖς
798 2185 883 2262 ἡδέως
906 2184 942 2250 θον
964 2187 1086 2252 οῖκούσαι
1113 2187 1161 2251 δια
1187 2187 1217 2251 τί
1232 2211 1304 2253 ποτε
1326 2193 1383 2254 τοῖν
1405 2189 1554 2267 μὲνεύδο-

463 2291 754 2389 κιμούντωνιοῖνδροῖν
777 2292 846 2370 παρ’
869 2290 938 2367 ὑμῖν
959 2289 1010 2353 καῖ
1032 2295 1196 2368 πολεμικῶν
1218 2287 1289 2355 εἶναι
1313 2292 1464 2356 δοκούντων
1487 2294 1555 2357 οὐδὲ

462 2394 560 2473 κώμην
583 2393 645 2458 ἔνιοι
666 2392 774 2468 λαβεῖν
796 2392 985 2469 ἠδυνήθησαν,
1002 2392 1141 2470 Τιμόθεος
1164 2393 1189 2455 δ’
1200 2392 1266 2457 ούτε
1281 2395 1332 2469 την
1347 2400 1398 2457 τοῦ
1414 2395 1556 2471 σώματος

680 2497 715 2518 ’Β

462 2497 552 2579 Φύσιν
574 2494 651 2576 ἔχων
673 2493 824 2576 ερρωμένην
846 2494 907 2559 οὔτ’
929 2497 958 2559 ἐν
979 2500 1038 2567 τοῖς
1054 2494 1255 2575 στρατοπέδοις
1274 2502 1333 2567 τοῖς
1353 2497 1556 2593 πλανωμένοις

464 2598 750 2680 κατατετριμμένος,
774 2599 858 2662 αλλ’
881 2597 894 2661 ὃ
917 2598 981 2675 μεθ’
996 2600 1075 2675 ύμοῖν
1090 2597 1364 2678 πολιτευόμενος
1379 2598 1554 2673 τηλθιαύτα

465 2702 641 2788 διεπροίξατο
662 2703 695 2767 τὸ
717 2701 849 2781 μέγεθος.

510 2807 670 2874 Articulus
693 2809 707 2874 ὁ
729 2808 816 2892 quasi
834 2828 917 2871 nune
937 2805 1013 2871 alter
1032 2805 1226 2883 Timotheus,
1247 2807 1324 2871 civis
1343 2806 1557 2889 Atheniensis,

407 2937 420 2955 ·
466 2915 648 2991 inducatur,
678 2912 764 2998 quasi
796 2911 885 2976 modo
917 2912 954 2975 de
988 2911 1081 2976 altero
1115 2910 1276 2976 Timotheo
1314 2934 1410 2976 sermo
1444 2912 1557 2990 fuerit,

466 3023 598 3082 mentem
627 3016 750 3080 lectoris
780 3038 797 3079 a
826 3038 895 3080 vera
926 3009 1031 3096 tensus
1065 3016 1182 3078 ratione
1216 3015 1359 3079 deflectit.
1410 3015 1557 3081 Artioulo

466 3122 564 3208 igitur
588 3142 707 3183 sensum
731 3118 869 3183 videmus
893 3119 1065 3203 depravari,
1087 3117 1199 3201 quippe
1219 3116 1405 3193 antithesin,
1419 3139 1472 3201 per
1484 3141 1557 3202 par-

467 3225 593 3289 ticulam
625 3222 708 3285 οῖλλοί
731 3222 904 3297 inductam,
929 3242 1005 3304 quae
1027 3219 1172 3304 quadrare
1195 3225 1225 3281 et
1248 3220 1387 3305 opposito
1412 3242 1467 3282 suo
1491 3224 1557 3286 οὔτ’

468 3368 512 3376 -
523 3324 789 3405 κατατετριμμένος
806 3323 985 3407 respondere
1001 3326 1207 3407 exspectetur,
1226 3323 1317 3388 semel
1335 3323 1557 3409 pessumdenti.

468 3433 564 3495 Reote
586 3428 725 3491 Baiterus
745 3426 857 3512 igitur,
876 3423 1006 3488 articulo
1026 3424 1140 3501 deleto,
1160 3424 1283 3511 plenum
1301 3426 1385 3491 οῖλλοί
1408 3428 1557 3495 restituit.

470 3534 530 3597 Sed
553 3536 668 3609 temen,
691 3552 737 3594 me
755 3528 1118 3615 judice,-elaudieantem
1142 3525 1266 3614 reliquit
1282 3530 1465 3608 antithesin,
1481 3534 1557 3616 quia

469 3635 736 3716 κατατετριμμένος
766 3656 828 3698 non
860 3656 998 3719 praesens
1026 3635 1077 3698 sed
1108 3635 1271 3720 perfeetum
1302 3637 1475 3722 oppositum
1499 3660 1557 3723 po-

470 3740 573 3805 stulat.
607 3741 725 3827 Nempe
747 3737 949 3804 “Timotheus
972 3762 1035 3803 non
1057 3740 1209 3803 exereitus
1231 3738 1265 3802 in
1287 3739 1440 3803 laboribus
1463 3739 1557 3821 belli,

470 3844 521 3907 sed
555 3844 711 3909 vobiscum
744 3851 880 3908 ωοοοοθωο
913 3844 947 3906 in
980 3843 1069 3908 rebus
1104 3841 1246 3907 civilibus
1280 3847 1365 3907 tanta
1398 3843 1556 3928 perfecit.''

469 3947 699 4011 Emendandum
721 3948 819 4033 igitur
841 3948 930 4010 etiam
954 3945 1282 4022 πεπολιτευμένος.

901 4152 979 4217 unu
1003 4153 1021 4235 a
1047 4154 1119 4215 200.

514 4363 640 4441 λέγομεν
663 4363 722 4441 γαρ
745 4363 782 4432 ὥς
805 4359 851 4424 δεῖ
866 4360 932 4432 τοὺς
947 4361 1111 4439 μέλλοντας
1127 4358 1237 4423 διοίσειν
1253 4359 1270 4434 ἢ
1286 4358 1350 4440 περὶ
1366 4361 1432 4432 τοὺς
1447 4359 1558 4437 λθνονς

473 4468 490 4544 ἢ
517 4468 580 4548 περί
603 4467 659 4539 τοῖς
681 4463 800 4547 προίξεις
823 4465 840 4541 ἢ
864 4464 926 4545 περί
949 4464 1006 4536 τοῖς
1025 4461 1124 4536 οῖλλας
1139 4463 1279 4545 ἐργασίας
1294 4470 1402 4544 πρῶτον
1416 4464 1474 4543 μὲν,
1485 4466 1560 4547 πρὸς
