3609 5450
701 471 873 531 ..49-

246 659 460 734 subsisterent,
490 654 571 740 quod
601 655 667 720 sine
693 641 829 741 periculo
852 653 993 740 progredi
1016 659 1046 720 et
1069 655 1195 740 primum
1220 678 1327 742 agmen

246 765 366 849 assequi
389 764 520 855 possent.
564 759 711 821 Pluribus
733 757 762 822 h.
786 756 919 822 thebei
944 758 1099 822 notionem
1122 767 1172 824 τοῦ
1196 760 1327 843 complu-

244 870 340 946 ribus,
362 865 549 951 quibusdum,
570 868 606 926 ut
629 863 708 949 apud
731 862 907 926 Ciceronem
931 862 968 925 dc
983 863 1051 925 Iun.
1073 866 1100 924 2.
1119 867 1158 925 28
1176 871 1329 925 “sirmmus

245 971 330 1034 dolor
347 969 455 1051 plures
473 969 538 1030 dies
558 988 676 1030 mouere
694 964 887 1050 uoupotest’'
907 969 938 1029 et
955 965 1079 1029 Livium
1100 968 1150 1028 40.
1163 969 1183 1028 4
1194 968 1328 1030 “Plures

246 1074 337 1136 eniuc
353 1068 489 1153 portrrs.”
518 1070 564 1134 Cf.
584 1070 692 1134 Caesar
714 1069 750 1134 B.
774 1069 807 1132 Ο.
832 1073 860 1133 3.
885 1072 936 1131 241.
959 1073 1080 1151 “Atque
1101 1090 1153 1130 eos
1174 1069 1206 1130 iu
1228 1069 1329 1132 littore

241 1177 383 1259 pluribus
406 1175 480 1238 locis
501 1174 666 1255 eucratius
688 1169 862 1255 disposuit.''

292 1279 362 1364 Cap.
387 1282 437 1342 80.
483 1284 499 1314 “
509 1280 620 1340 Caesar
639 1277 757 1340 relictis
777 1276 942 1358 leqiouitus
960 1276 1163 1359 subsequitur,
1172 1278 1331 1356 praesidio

246 1382 464 1465 impedimentis
480 1402 600 1464 paucus
622 1381 755 1443 cobortes
777 1380 942 1464 relinquit:
966 1380 1040 1442 toro
1061 1380 1175 1442 decimo
1193 1380 1332 1464 subsequi

241 1487 436 1569 pabulatores
459 1486 628 1568 equitesque
650 1484 785 1547 revocari
798 1480 915 1567 jubet.’'
1241 1481 1247 1495 '

290 1590 475 1673 Interprcbes
498 1586 688 1651 offenderunt
709 1588 743 1651 in
765 1586 853 1650 verba
875 1586 1017 1650 “relictis
1039 1584 1229 1669 leqiouituc.''
1266 1585 1332 1651 Alii

246 1692 385 1756 “eductis
409 1687 593 1772 leqiouibus''
616 1689 668 1754 alii
692 1690 844 1774 “reliquis
868 1687 1055 1772 leqiouibus''
1074 1689 1241 1753 emendant.
1270 1690 1333 1752 Ile·

247 1796 342 1880 liquis
364 1794 463 1880 placet
486 1793 655 1879 Herzogio,
677 1795 779 1858 locum
802 1794 847 1856 sic
870 1791 1052 1879 explicanti:
1075 1800 1164 1855 “eum
1185 1816 1234 1870 eo,
1256 1795 1336 1878 quod

246 1901 395 1986 reliquum
428 1903 505 1960 earet
539 1898 701 1981 lupianum,
725 1899 838 1982 paucis
866 1897 938 1960 illic
967 1897 1134 1959 cohortibus
1163 1894 1333 1961 detractis?

246 2002 379 2066 Relictis
409 2016 433 2064 a¹
455 2000 580 2065 Caesare
611 2002 757 2087 scriptum
787 2023 850 2065 esse
880 2005 911 2064 et
941 2001 1128 2086 oppositum.
1141 2000 1239 2064 verbis
1263 2001 1332 2062 “di-
1387 2059 1389 2063 ,

244 2128 350 2191 pressu
371 2110 535 2167 uestrorum
558 2103 714 2188 equitum”
736 2105 870 2169 miratur.

292 2209 479 2294 Nipperde‘r'o
509 2208 636 2292 reliquia
665 2207 782 2295 placere
811 2230 873 2271 non
908 2208 1024 2293 potuit,
1056 2207 1137 2290 qnod
1166 2207 1276 2270 Graece
1300 2206 1334 2270 id

246 2317 328 2377 reete
354 2313 489 2390 dicatur,
511 2333 573 2375 non
593 2312 667 2375 item
685 2311 805 2376 Latinis
823 2311 958 2396 reliquos
978 2310 1109 2394 leqioues
1132 2332 1196 2373 eam
1216 2311 1331 2395 copiam

249 2416 347 2480 dicere
380 2415 486 2492 liceat,
519 2437 596 2499 quse
630 2414 773 2479 detractis
808 2415 913 2500 paucis
948 2413 1124 2478 cohortibus
1157 2418 1332 2499 superesset.

248 2519 398 2583 Emendat
421 2519 593 2600 “capeditis
618 2515 808 2601 leqiouibus.”

269 2621 530 2707 *Oudendorpius
560 2620 717 2706 vulgatum
746 2621 881 2685 defendit
903 2643 1009 2704 meque
1030 2618 1120 2684 habet
1144 2621 1334 2684 consentien-

248 2727 318 2787 tem.
351 2725 534 2808 Reliuquere
556 2710 692 2809 pluribus
712 2725 787 2789 locis
808 2725 888 2811 apud
907 2722 1061 2787 Caesarem
1081 2725 1235 2809 significat
1250 2730 1335 2810 parte

249 2828 378 2913 alicujus
402 2837 446 2893 re'r'
469 2828 588 2912 dempta
611 2828 723 2903 sinere,
745 2832 782 2891 ut·
805 2830 897 2892 altera
921 2850 976 2890 suo
998 2827 1067 2890 loco
1089 2833 1215 2892 maneat.

293 2934 403 3017 Itaque
433 2932 572 2994 “relictis
601 2928 796 3013 leqiouibua‚''
819 2935 855 2995 ut
877 2935 958 2994 recte
981 2930 1217 3016 Oudendorpius
1239 2933 1336 3017 expli·

249 3042 313 3115 cat,
345 3036 425 3100 idern
448 3040 493 3099 est
516 3055 551 3097 ac
573 3034 724 3116 “reliquis
745 3031 844 3095 aaut:
868 3055 967 3117 neque
988 3036 1068 3107 erat,
1092 3055 1146 3097 cur
1170 3034 1227 3097 viri
1250 3035 1332 3099 docti

246 3141 348 3205 locum
368 3143 523 3214 notarent,
544 3138 570 3201 si
590 3136 679 3201 modo
698 3141 779 3201 recte
797 3136 897 3202 locum
918 3142 1017 3201 essent
1032 3137 1231 3224 interpretati.
1254 3140 1356 3203 Nam·

248 3245 356 3309 Caesar
380 3244 416 3308 de
432 3242 531 3308 tribus
554 3242 704 3306 exercitus
727 3241 863 3327 partibus
884 3241 1037 3325 loquitur:
1061 3241 1097 3305 de
1119 3241 1284 3325 equitibus,
1298 3244 1335 3308 de

247 3346 421 3434 legionibus
443 3346 575 3423 relictis,
599 3345 635 3410 dc
657 3344 893 3431 pabulatoribus.
939 3344 1135 3410 Pabulatores
1158 3368 1229 3410 vero
1254 3370 1334 3411 nun-

250 3473 341 3536 quam
363 3450 420 3513 soli
444 3451 584 3529 exibant,
607 3449 672 3528 sed,
694 3456 731 3514 ut
752 3452 817 3536 ipse
836 3451 946 3514 Caesar
966 3451 1104 3528 dieit,ex
1117 3451 1335 3516 consuetudine

250 3555 299 3619 vel
328 3552 473 3639 quaedam
502 3552 637 3639 legiones
660 3552 835 3638 pabulatum
858 3554 983 3618 exibant
1006 3553 1054 3617 vel
1076 3575 1137 3618 nna
1160 3553 1272 3619 duasve
1292 3554 1335 3618 le-

250 3659 356 3745 giones
386 3656 532 3744 praesidii
563 3677 652 3719 causa
674 3676 735 3718 una
758 3676 827 3719 cnm
849 3655 1076 3741 pabulatoribus
1098 3656 1335 3742 egrediebantur.

251 3761 316 3824 Vid
333 3761 370 3827 B.
390 3760 427 3825 G.
451 3762 480 3823 l.
505 3762 564 3836 32,
585 3758 623 3822 B.¹
645 3756 679 3821 Ο.
703 3759 731 3820 1.
755 3758 854 3843 401).
890 3758 957 3821 Hae
978 3759 1076 3845 igitur
1098 3762 1171 3822 sunt
1186 3758 1334 3845 legiones,

251 3886 327 3949 quae
349 3863 516 3950 pabulandi
545 3883 634 3926 causa
661 3859 799 3939 aberant,
823 3883 916 3945 quum
939 3860 1041 3926 hostes
1064 3883 1082 3925 1
1104 3862 1211 3926 castris
1232 3862 1352 3928 subito.

252 3991 285 4033 sc
306 3969 508 4055 proriperent:
531 3964 642 4053 quibus
665 3965 782 4030 emissis
805 3986 855 4048 eae
876 3965 908 4029 in
934 3965 1041 4030 castris
1060 3968 1247 4045 manserant,
1265 3965 1335 4049 qui·

250 4072 377 4136 boscum
402 4071 525 4149 Caesar,
554 4092 593 4135 111
618 4068 721 4135 hostes
744 4092 760 4135 1
782 4069 922 4135 manibus
944 4070 1112 4147 emitteret,
1130 4069 1240 4152 statim
1262 4066 1335 4132 sub·
1413 4093 1416 4102 ·

252 4179 375 4239 secutus
397 4178 451 4237 est.

286 4393 311 4452 1)
325 4390 355 4440 Β.
365 4391 426 4441 (ab.
436 4390 476 4444 17.
484 4386 780 4453 Legionestrcspabulrndi
786 4383 1014 4452 unanimique
1018 4381 1170 4450 paam
1176 4379 1334 4433 nominatur.

1200 4585 1233 4654 4.
