3609 5450
782 534 837 575 ,-
860 499 923 562 108
946 530 988 546 —

356 686 406 751 Ad
433 687 564 773 primum
591 705 709 750 versum
740 683 778 748 cf.
809 685 918 766 πορθεῖν
946 685 981 761 ἐκ
1008 685 1064 747 τῶν
1097 682 1173 762 ἱερῶν
1206 681 1247 746 τοὶ
1280 683 1336 745 τῶν
1368 680 1433 744 θεῶν

356 788 542 867 apotastare,
566 787 669 853 Athen
699 787 777 852 XII.
801 791 873 851 523.
895 789 938 866 A,
960 787 1166 872 quodminus
1187 786 1309 871 propter
1331 787 1433 848 aucto-

354 894 473 957 ritatem
503 913 592 977 quam
622 891 659 955 ad
690 891 912 976 explicationen
943 893 1041 955 affero.
1085 887 1278 955 Nominatiri
1304 885 1434 950 absoluti
1475 908 1480 914 ·

354 995 489 1081 exempla
510 995 598 1082 plura
622 997 695 1059 sunt
717 994 797 1079 apud
821 992 1009 1078 Aeschylum
1026 993 1119 1058 veluti
1134 993 1241 1078 Agam.
1259 993 1341 1068 953,
1359 994 1436 1066 968,

354 1097 441 1163 Eum.
466 1102 522 1175 95,
546 1100 625 1176 100,
647 1101 728 1173 455,
751 1098 832 1182 Sept.
856 1100 923 1160 664
947 1096 1078 1183 (Well.),
1099 1100 1130 1161 et
1148 1095 1202 1179 qui
1217 1094 1436 1178 loeus,quam-

353 1202 400 1267 vis
427 1204 604 1287 corruptus,
627 1199 759 1265 describi
782 1203 913 1264 meretur
934 1201 994 1286 Ag.
1018 1202 1081 1264 980
1108 1196 1230 1284 (1008).
1253 1197 1303 1263 κοιὶ
1326 1197 1360 1262 τό
1383 1196 1437 1274 μὲν

352 1304 405 1385 πρὸ
426 1303 589 1385 χρκμοότοον
607 1303 730 1380 κτησίων
748 1303 823 1376 ὄκνος
842 1303 945 1381 βολῶν
969 1303 1203 1385 σφενδόνοιςοόπ
1222 1301 1376 1382 εὐμέτρου,
1387 1303 1437 1366 οὐκ

352 1407 400 1473 ἔδυ
430 1407 544 1488 πρόποις
567 1408 652 1486 δόμος
674 1395 808 1486 πνρονοῖς
830 1407 931 1485 χόριον
953 1405 1052 1484 dyas,
1075 1406 1132 1472 οὐδ’
1155 1405 1285 1471 ἐπόντισε
1307 1402 1438 1487 σκάφος,

352 1533 481 1596 quorum
512 1512 663 1575 sententia
694 1513 768 1577 satis
804 1513 962 1598 perspicua
991 1516 1053 1590 est,
1083 1511 1249 1599 primorum
1277 1508 1438 1574 verborum

353 1615 503 1700 scriptura
525 1614 651 1679 incerta.
747 1670 749 1675 .
867 1623 869 1627 '

397 1721 470 1781 556.
499 1719 620 1782 ἱκνεῒτοιι
651 1717 886 1797 δἐἷςικνονριένον
917 1717 1000 1796 βέλει
1029 1717 1169 1795 βουκόλον
1197 1715 1363 1798 πτερόεντος
1393 1713 1437 1801 (in

352 1819 553 1898 εἰςικνονμὲνον
582 1821 732 1906 posterius
762 1843 793 1885 ον
823 1826 869 1886 est
899 1843 916 1886 e
946 1821 1149 1897 correctione,
1176 1842 1266 1906 supra
1288 1844 1307 1883 κ
1328 1842 1438 1885 manus

352 1925 485 1988 secunda
512 1925 636 2011 scripsit
665 1925 714 2009 χ).
758 1923 860 1990 Schol.
888 1931 939 1990 τοῦ
966 1923 1075 2006 οόττρον
1099 1926 1149 2010 (=
1172 1923 1254 2001 βοοκ.
1276 1924 1373 2008 πτερ.)
1397 1923 1437 2003 τῷ

352 2027 454 2108 κέντρῳ
477 2029 569 2103 adsta
592 2027 809 2109 διοτροπόοντος.
856 2026 949 2099 Quod
975 2051 1082 2093 manus
1105 2027 1238 2093 secunda
1258 2027 1279 2090 i.
1301 2049 1326 2091 e.
1349 2024 1436 2090 scho-

351 2129 457 2195 liastae
486 2135 592 2217 poetae
620 2130 719 2195 verbis
742 2131 904 2217 adscripsit
924 2148 964 2211 χ,
987 2153 1050 2195 non
1073 2129 1269 2217 improbabile
1290 2134 1337 2194 est
1358 2128 1436 2195 hauc

352 2234 583 2320 explicationem
619 2257 684 2299 esse
712 2235 896 2320 referendam
919 2235 957 2299 ad
976 2235 1183 2315 εἶςιχνοομένον
1201 2233 1288 2317 quasi
1306 2235 1437 2317 ceatipe'a

353 2337 400 2401 sui
424 2358 476 2423 per
500 2337 638 2401 aculeum
660 2342 778 2403 oestrus
801 2338 1010 2425 impressisset.
1044 2338 1142 2417 Ἰχνὲω
1161 2360 1231 2402 sane
1246 2338 1436 2402 estauctori-

350 2442 414 2504 tate
446 2425 644 2518 destitutum,
677 2441 730 2505 sed
762 2443 865 2527 potuit
896 2440 934 2505 ab
962 2438 1044 2521 ἴχνος
1072 2441 1209 2517 formari,
1232 2463 1325 2525 aeque
1347 2446 1437 2526 atque

352 2542 453 2620 όλχέω
481 2542 518 2607 ab
536 2543 648 2622 ἄοινος,
680 2545 767 2610 dalis
799 2544 835 2611 ab
865 2543 963 2621 όινόος,
993 2544 1059 2608 alia.
1083 2545 1143 2609 Sed
1165 2546 1348 2626 εἰςιχνεῖοόοιι
1370 2549 1437 2610 tum

352 2645 381 2710 h.
404 2645 424 2710 l.
446 2668 508 2710 non
532 2647 703 2734 significare
716 2646 815 2712 debet
833 2649 880 2712 sui
898 2649 1061 2735 vestigium
1073 2649 1258 2736 imprimere,
1269 2649 1436 2735 perfodere,

353 2750 435 2834 quod
464 2750 556 2815 nimis
586 2755 633 2815 est
655 2752 839 2836 quaesitum,
862 2754 915 2817 sed
936 2754 1075 2840 vestigiis
1097 2754 1189 2838 sequi.
1233 2753 1351 2837 Utique
1379 2752 1438 2817 hoc

352 2854 578 2941 praeferendum
601 2854 757 2942 vulgatae,
780 2879 857 2941 quae
879 2878 971 2922 sensu
994 2862 1091 2936 caret3
1114 2857 1227 2922 etenim
1256 2857 1282 2920 si
1312 2856 1439 2921 verbum

353 2978 391 3021 er
420 2957 556 3022 ἱκνεῖοόοιι
583 2963 615 3022 et
636 2958 857 3045 praepositione
880 2961 1082 3046 compositum
1107 2959 1269 3046 legendum
1288 2964 1438 3039 esset,re·

352 3060 522 3144 quireretur
543 3060 748 3138 κοιόικνεῖτόοιι,
772 3062 1026 3145 quemadmodum
1049 3084 1134 3148 saepe
1155 3062 1347 3128 κοιόικνεῖοόοιό
1364 3088 1439 3136 τινος

353 3164 453 3246 ἐνιπῇ,
476 3162 614 3243 κέντροις,
637 3164 800 3247 βοικτνρόρο,
823 3166 919 3229 simm.

398 3268 472 3329 592.
495 3265 633 3348 οὐτ’όχειρ
652 3265 731 3343 ἄνοιξ
742 3265 803 3330 Η.
848 3265 949 3330 Sehol.
968 3268 982 3331 ό
1001 3275 1039 3347 τῇ
1057 3268 1162 3331 ἑοιντοῦ
1178 3267 1254 3348 χειρὶ
1271 3267 1441 3348 όεροιπεύ-

353 3390 419 3439 σοις
446 3369 498 3442 τὴν
527 3367 580 3432 'lot
615 3368 700 3432 Haec
722 3390 785 3431 non
807 3390 845 3432 ex
868 3369 952 3431 omni
974 3374 1059 3455 parte
1080 3370 1246 3454 quadrant,
1267 3372 1339 3456 quia
1362 3370 1441 3451 όινοιξ

351 3492 414 3535 non
437 3470 620 3556 explicatur,
643 3471 696 3535 sed
718 3471 841 3536 additur
863 3472 1053 3552 όεροιπεότοις.
1095 3474 1154 3538 sed
1177 3475 1241 3539 fieri
1263 3480 1380 3562 potest,
1401 3482 1439 3543 ut

246 3654 251 3663 Ι
354 3572 492 3655 οιύτόχειρ
514 3573 595 3638 idem
618 3574 837 3640 existimaverit
859 3574 941 3659 quod
963 3574 1137 3657 χειρονργός.
1177 3577 1227 3643 Ex
1249 3581 1332 3644 omni
1355 3584 1441 3665 parte

354 3678 497 3743 convenit
530 3677 747 3759 οιύτοχειρῶνοιξ
781 3676 860 3764 (βοός
891 3678 938 3746 vel
962 3679 1042 3766 sim.)
1066 3681 1147 3765 quod
1171 3683 1371 3768 compositum
1393 3688 1440 3749 est

354 3805 392 3847 ex
421 3780 509 3854 οὗτός
538 3785 570 3847 et
600 3781 752 3867 Aeschylo
782 3783 898 3848 usitato
930 3783 1077 3849 vocabulo
1106 3785 1266 3865 χειρῶνοιξ,
1289 3790 1321 3850 et
1342 3790 1440 3855 metro

354 3908 474 3972 quoque
496 3886 679 3951 admittitur.

318 4040 323 4047 .
401 3993 473 4054 595.
496 3990 546 4054 ὑπ’
566 3990 666 4070 ἄρχόις
689 3987 830 4061 δὀότινος
853 3988 957 4069 όοοόζον
978 3989 1012 4054 τό
1034 3998 1114 4069 μεῖον
1131 3999 1292 4072 κρεῖττον
1311 3999 1352 4065 ὢν
1370 4025 1441 4083 κροι-

355 4090 463 4161 τόνει.’
487 4092 588 4157 Schol.
610 4093 669 4172 οὐχ
691 4093 747 4157 ὑπό
768 4093 825 4165 τόις
847 4094 947 4175 οἰρχόις
971 4092 1002 4179 (l
1025 4100 1078 4169 τῆς
1100 4096 1208 4182 ἀρχῆς)
1237 4097 1267 4163 δέ
1288 4126 1362 4177 τινος
1383 4112 1442 4171 τῶν

354 4195 516 4281 κρειττόνων
538 4195 711 4275 κοοόόμενος,
741 4195 774 4261 τὸ
804 4204 884 4275 μεῖον
906 4196 971 4277 ἔχει
997 4197 1083 4282 (Ddf.
1107 4198 1208 4286 ἔχων).
1252 4204 1344 4293 Legit
1367 4231 1440 4297 ergo

355 4305 455 4383 οὶρχοῖς
478 4298 654 4383 κρειττόνων,
677 4302 708 4364 et
729 4300 763 4364 τό
785 4307 865 4379 μεῖον
889 4301 1050 4367 coniunxit
1074 4324 1143 4368 cum
1164 4306 1314 4385 κροιτόνει,
1338 4312 1441 4377 minua

356 4406 448 4470 celet.
493 4404 543 4470 Ita
565 4406 684 4490 apparet
707 4401 808 4468 Sohol.
837 4404 898 4469 fere
927 4403 1008 4469 idem
1030 4402 1171 4471 habuisse
1192 4411 1275 4492 quod
1297 4413 1439 4501 vulgata,

358 4508 411 4577 sed
444 4508 520 4573 male
549 4530 613 4573 esse
633 4508 871 4593 interpretatum.
911 4506 1046 4596 Vulgata
1067 4510 1197 4577 tenenda
1218 4513 1270 4579 sed
1293 4522 1441 4583 commate
