3609 5450
1634 465 1993 526 —69..-

718 649 1100 734 Quamquam
1161 649 1226 712 in
1283 647 1471 711 tantis
1517 646 1781 712 tenebris
1828 651 2137 725 accurate,
2181 647 2329 733 quid
2374 656 2463 713 re’1‘
2507 651 2618 730 sit,
2666 652 2889 719 discer-

715 776 860 818 nere
901 775 1028 816 non
1069 751 1234 815 licet.

806 857 951 941 Cap.
1011 859 1096 920 49
1160 856 1196 938 ᾧ
1255 858 1293 918 6
1357 857 1488 917 “At
1550 854 1831 916 Caesaris
1880 856 2192 942 ⁸exercitus
2258 855 2481 937 optima
2539 856 2889 924 valetudiue

714 981 1057 1043 summaque
1101 980 1294 1043 aquae
1338 957 1512 1040 copia
1556 955 1862 1034 utebatur,
1908 963 2034 1020 tum
2079 964 2433 1021 commeatus
2479 961 2639 1021 omui
2676 982 2888 1042 qenere

707 1068 953 1145 praeter
991 1063 1380 1144 frumentum
1423 1060 1765 1124 abundabat
1783 1081 1804 1123 .·
1864 1061 2077 1145 quibus
2119 1061 2389 1146 quotidie
2431 1063 2648 1125 melius
2690 1085 2887 1129 succe·-

716 1166 859 1228 dere
897 1171 1125 1248 tempus
1163 1167 1559 1249 majoremque
1595 1185 1757 1247 spem
1793 1165 2148 1228 maturitate
2164 1167 2617 1248 frumentorum
2631 1171 2890 1251 proponi

714 1265 1048 1332 videbant.''

806 1373 908 1436 Ita
967 1371 1263 1458 scriptum
1324 1375 1418 1436 est
1483 1371 1550 1434 in
1617 1369 1887 1456 vulgato.
1977 1369 2235 1435 Codices
2301 1369 2527 1436 habent
2593 1373 2889 1453 subtrere‚

717 1477 1011 1540 subterere
1029 1524 1044 1554 ‚
1087 1475 1394 1539 subterire.
1486 1473 1670 1537 Unde
1716 1473 2062 1556 conjectura
2108 1477 2310 1539 ortum
2347 1477 2679 1553 succedere,
2725 1478 2889 1561 quod

719 1580 1096 1667 improbatur
1153 1602 1189 1642 a
1232 1577 1606 1665 Nipperde'io
1650 1584 1962 1663 propterea
2006 1579 2198 1663 quod-
2216 1601 2287 1643 eo
2333 1579 2513 1645 verbo
2530 1629 2546 1656 ‚
2590 1581 2644 1644 si
2690 1583 2889 1668 signi-

716 1687 857 1750 ficet
898 1684 1195 1769 feliciter
1239 1685 1496 1759 evenire,
1551 1702 1677 1745 non
1721 1682 1841 1746 nisi
1889 1682 1957 1745 in
2025 1705 2088 1747 re
2148 1682 2462 1747 hominum
2517 1683 2719 1749 labore
2763 1687 2889 1750 effi-

718 1786 934 1851 cienda
995 1788 1091 1852 uti
1155 1786 1385 1851 soleant
1444 1786 1686 1850 Latini:
1748 1791 1821 1851 ut
1865 1786 2015 1851 mihi
2061 1787 2303 1851 videtur
2346 1789 2579 1852 merito,
2671 1789 2889 1874 Neque

720 1891 932 1955 Vossii
979 1891 1073 1956 vel
1121 1889 1536 1978 Oudendorpii
1583 1890 1964 1974 conjecturae
2008 1890 2317 1954 subvenire
2355 1894 2415 1954 et
2452 1913 2793 1956 succurrere
2828 1902 2887 1959 e’1'

718 1995 1102 2060 satisfaciunt
1147 1999 1208 2059 et
1252 2016 1372 2079 quo
1416 1993 1734 2059 relativum
1781 1995 1995 2079 quibus
2037 1994 2412 2058 referendum
2458 1995 2543 2058 sit
2587 2016 2622 2058 a
2667 2018 2763 2060 vv.
2810 1997 2884 2061 cl.

716 2121 844 2163 non
887 2099 1035 2163 satis
1078 2098 1443 2185 explicatum
1483 2100 1692 2184 putat:
1732 2096 1910 2160 credo
1928 2145 1944 2174 ,
1980 2097 2144 2181 quod
2183 2119 2360 2162 usum
2407 2099 2883 2164 constructionis

717 2203 795 2267 ad
856 2204 1214 2267 sententiam
1268 2200 1415 2266 adeo
1469 2199 1895 2287 pervulgatum
1941 2201 2385 2278 existimarent,
2432 2200 2710 2287 pluribus
2755 2224 2885 2266 mo-

715 2328 859 2371 nere
903 2327 1412 2392 supervacaneum
1469 2305 1548 2368 iis
1610 2304 1828 2368 visum.
1917 2304 2069 2380 Sed,
2114 2306 2388 2389 quamvis
2433 2327 2467 2368 a
2510 2327 2605 2370 vv.
2656 2305 2729 2369 cl.
2771 2304 2888 2370 hac

716 2410 784 2473 in
829 2431 895 2474 re
954 2414 1269 2496 peccatum
1329 2430 1456 2472 esse
1513 2429 1750 2495 negem,
1797 2407 1898 2474 vel
1941 2409 2031 2472 sic
2090 2412 2292 2473 tamen
2351 2431 2427 2472 ne
2486 2431 2597 2495 ego
2641 2407 2887 2493 quidem
2927 2483 2935 2491 ‚

715 2514 983 2578 inventis
1061 2536 1267 2579 eorum
1341 2513 1622 2577 assentiri
1688 2533 1967 2597 possum:
2046 2512 2099 2576 si
2166 2512 2381 2596 quibus
2447 2512 2521 2576 ad
2589 2513 2888 2576 exercitus

718 2615 996 2680 retuleris
1014 2663 1029 2692 ,
1106 2616 1315 2679 duram
1391 2620 1453 2679 et
1529 2620 1870 2680 contortam
1950 2616 2284 2680 orationem
2362 2616 2479 2679 eris
2558 2621 2885 2682 assecutus

724 2716 1040 2787 “Quibus’'
1101 2716 1252 2783 mihi
1315 2721 1407 2782 est
1466 2715 1766 2783 ablativus
1829 2721 2107 2805 spectans
2168 2717 2244 2782 ad
2289 2725 2687 2783 “commeatus
2730 2720 2887 2784 omni

714 2819 970 2904 yeuere''
1026 2826 1086 2887 et
1144 2822 1208 2885 in
1255 2830 1290 2859 “
1300 2820 1598 2884 subterere
1607 2818 1641 2844 '⁹
1686 2819 1872 2885 latere
1922 2821 2137 2906 opinor
2179 2827 2490 2904 suppetere
2503 2870 2520 2900 ,
2566 2826 2638 2887 ut
2680 2822 2886 2909 legen-

719 2924 865 2989 dum
912 2925 1027 2989 sit:

808 3035 843 3066 “
858 3029 1004 3092 Tum
1054 3033 1420 3091 ¹commeatus
1472 3026 1632 3090 omui
1669 3047 1885 3110 qenere
1915 3032 2164 3110 praeter
2188 3028 2575 3111 frumentum
2601 3026 2887 3121 ‘abuuda-

718 3134 858 3208 bat,·
905 3133 1120 3218 quibus
1155 3132 1425 3218 quotidie
1459 3131 1680 3195 mebius
1710 3137 2022 3215 suppetere
2059 3137 2289 3214 tempus
2308 3132 2705 3215 majoremque
2726 3152 2887 3214 spem

717 3239 1073 3302 maturitate
1099 3238 1555 3321 frumentorum
1588 3236 1851 3319 proponi
1893 3236 2178 3299 videbant
2194 3231 2227 3261 '⁹
2268 3234 2340 3321 1).

807 3340 907 3403 Ita
949 3346 1073 3403 tres
1121 3339 1386 3405 diversae
1430 3362 1525 3404 res
1571 3342 1898 3405 narrantur
1941 3338 2210 3404 scilicet:
2256 3332 2470 3423 Aquae
2513 3341 2637 3403 erat
2684 3338 2883 3422 copia:

722 3445 1087 3505 commeatus
1144 3440 1516 3506 abundantia
1580 3440 1890 3507 meliorem
1955 3441 2229 3527 quotidie
2267 3439 2579 3506 afferebat
2640 3439 2885 3505 vivendi

723 3542 1161 3608 conditionem:
1222 3544 1540 3607 maturitas
1602 3525 2046 3609 frumentorum
2115 3566 2281 3631 spem
2346 3542 2615 3610 melioris
2680 3545 2883 3609 victus

791 3862 839 3920 1)
873 3861 978 3911 via
1010 3862 1071 3911 B.
1105 3862 1163 3913 c.
1197 3863 1247 3913 s.
1281 3860 1363 3911 98.
1397 3862 1421 3923 ς
1461 3832 1509 3909 2.
1570 3859 1743 3915 “de
1784 3857 1867 3907 aas·
1908 3855 2013 3907 ane
2058 3856 2354 3906 recusatione
2383 3858 2612 3924 fecerunt
2643 3851 2890 3928 ,nasequ

717 3941 894 4007 pabmis
932 3943 1134 4007 proiecti
1178 3943 1246 3993 ad
1290 3947 1464 3992 temam
1498 3941 1673 4007 flentes
1721 3939 1780 3989 ab
1832 3952 1886 3988 eo
1917 3938 2121 3989 salutem
2148 3936 2464 4000 pariamus-‚⁵³
2500 3940 2575 3988 cf.
2608 3940 2801 4004 Herzog
2833 3940 2891 3988 nul,

721 4022 954 4151 ΒωΒίῗέ.
975 4023 1136 4154 ΙῗΒὲΊ.
1186 4101 1314 4156 “Qui
1346 4116 1452 4151 cum
1483 4116 1588 4150 eum
1621 4098 1945 4151 convenissent
1970 4123 2038 4135 --
2068 4101 2212 4163 atque
2240 4112 2320 4144 eos
2340 4096 2612 4160 jussisses?

787 4182 843 4231 B.
877 4183 934 4231 6.
968 4184 1018 4231 4.
1051 4182 1128 4231 23.
1165 4181 1348 4245 “Cujus
1378 4180 1472 4231 loci
1503 4181 1622 4231 baec
1651 4184 1758 4229 erat
1789 4182 1970 4228 mura
1999 4182 2139 4244 atque
2172 4176 2244 4224 He
2276 4176 2898 4241 mfflfflmfflffi
2942 4218 2947 4230 .

723 4262 1118 4392 mgtiritbialtggum
1149 4339 1251 4389 dedi
1283 4355 1339 4389 ex
1371 4338 1645 4405 Nipperde‘ii
1674 4336 1965 4395 recensionem
2011 4335 2133 4401 quod
2164 4336 2364 4401 nptimos
2396 4327 2571 4385 suffles}
2596 4324 2783 4403 unffi
2839 4296 2894 4412 0,.

723 4421 987 4487 Herzogius
1033 4418 1146 4485 legit
1190 4433 1245 4468 ox
1288 4416 1616 4469 deterioribusz
1655 4417 1840 4482 “C'm'm
1872 4414 1966 4465 10σί
1996 4414 2244 4465 knew-erm!
2273 4417 2476 4466 num:
2510 4413 2655 4470 W*

724 4504 937 4571 anqustis
967 4517 1102 4553 mare
1131 4498 1510 4552 continebatur.”
1575 4498 1754 4549 Verum
1780 4496 1848 4548 ita
1879 4509 1974 4547 non
2005 4494 2188 4561 scripsit
2220 4493 2408 4546 Qum&

1356 4601 1381 4628 fl
