3609 5450
780 436 994 543 '-a⁵-

364 660 483 743 pareat,
511 655 664 740 quodnam
695 654 856 720 discrimen
886 656 1054 720 intercedat
1084 655 1164 718 inter
1187 653 1321 720 dativum
1344 659 1375 719 et
1397 677 1446 718 ac-

365 761 536 824 cusativum
567 781 636 824 cum
666 758 844 836 Infinitive,
882 759 937 842 qui
974 759 1013 822 ad
1042 755 1192 838 reputaretur
1225 758 1273 822 vel
1305 757 1448 840 κράτιστά

320 944 323 948 Α
366 865 454 949 (ἐστι)
489 867 519 927 et
553 864 619 927 sim.
655 861 861 948 applicantur,
900 861 961 926 duo
995 861 1128 947 exempla
1163 853 1375 949 componamus
1410 885 1447 928 ex

364 964 520 1053 Aristoph.
542 965 647 1050 Equit.
670 987 713 1030 vs.
737 968 778 1067 89
802 969 832 1030 et
854 965 928 1051 Lys.
950 988 993 1030 vs.
1017 969 1076 1044 34,
1101 969 1153 1029 35.

608 1116 760 1198 κράτιστον
782 1113 827 1182 οὖν
849 1119 901 1199 νῷν
923 1118 1085 1183 άποάανεῖν.

551 1231 586 1287 Κ.
610 1221 758 1299 βέλτιστα
779 1221 871 1286 τοίνυν
893 1220 997 1300 μηκέτ’
1020 1215 1107 1297 εἶναι,
1130 1222 1162 1294 νὴ
1182 1219 1222 1285 Δί
1244 1271 1250 1283 .

553 1334 591 1390 Λ.
615 1323 761 1396 Βοιωτίους
784 1348 818 1388 τε
840 1323 957 1396 πάντας
980 1321 1160 1400 ἐξολωλέναι.

409 1477 454 1542 ef.
477 1478 568 1542 etiam
590 1473 699 1541 Aeseh.
721 1475 821 1540 Prom.
844 1498 887 1541 vs.
913 1479 974 1542 217
999 1478 1030 1539 et
1052 1478 1125 1538 316.

857 1681 877 1746 l.
902 1686 952 1745 25.

406 1888 479 1952 Ὅτι
509 1887 568 1967 γάρ
598 1885 686 1958 οὐδεὶς
716 1884 753 1950 άν
782 1886 917 1965 ὑπέμεινε
939 1891 995 1951 τῶν
1017 1885 1207 1963 τεταγμένων
1229 1884 1292 1966 περὶ
1314 1884 1446 1963 βασιλέα

361 1992 427 2062 τοὺς
460 1991 612 2066 ’Έλληνας
642 1989 843 2068 ἐμπεσόντας,
875 1991 1015 2057 ὠσθέντων
1045 1990 1068 2054 δ’
1080 1991 1190 2055 ἐκείνων
1219 1990 1269 2054 καὶ
1299 1988 1446 2067 βασιλέως

360 2094 522 2178 φεύγοντος
550 2095 567 2170 ἢ
591 2094 726 2166 πεσόντος
750 2094 864 2174 ὑπῆρχε
877 2094 967 2174 ’Κύρῳ
990 2099 1096 2159 νναῶντν
1119 2092 1256 2173 σώζεσθαι
1285 2091 1335 2158 καὶ
1357 2092 1445 2170 βαστ-

361 2198 469 2272 αεέενν,
503 2199 535 2262 ἐκ
564 2203 620 2263 ’τῶν
650 2196 864 2278 πεπραγμένων
900 2198 984 2273 δῆλόν
1014 2200 1086 2263 έστν.
1122 2197 1174 2262 Δνὸ
1204 2199 1257 2272 τὴν
1289 2196 1444 2276 Κλεάρχου

359 2306 475 2379 ’μάλλον
498 2300 658 2378 εὐλάβειαν
681 2302 698 2377 ἢ
721 2301 755 2367 τὸ
774 2306 825 2366 τοῦ
847 2302 936 2382 Κάρον
956 2301 1055 2383 θράσος
1075 2301 1218 2366 αἰτιατέον
1236 2304 1273 2373 ὥς
1292 2301 1332 2365 τά
1348 2299 1445 2380 πράγ-

358 2428 447 2483 ματα
469 2405 519 2469 καὶ
542 2409 630 2486 Κῦρον
652 2405 854 2471 άπολέσασαν.

403 2507 614 2572 Calumniatur
633 2508 817 2574 Plutarchus
834 2510 894 2574 ista
904 2509 1021 2572 ratione
1035 2507 1220 2572 contendens
1232 2504 1372 2570 Clearchi
1383 2507 1444 2570 vir-

357 2616 454 2677 tutem
475 2612 656 2689 detrectare,
674 2614 785 2697 quippe
803 2606 995 2697 prudentiam
1007 2619 1160 2696 tamquam
1172 2614 1283 2674 metum
1297 2631 1332 2673 ac
1344 2609 1443 2673 molli·
1546 2638 1549 2645 ·

357 2717 431 2781 tie'm
450 2716 644 2801 increpitans.
668 2716 700 2779 ἐκ
719 2719 774 2780 τῶν
794 2716 1008 2795 πεπραγμένων
1026 2714 1148 2801 quidem
1161 2717 1282 2800 apparet
1294 2713 1442 2779 Barbaros

359 2819 483 2883 alterius
506 2841 600 2882 cornu
623 2841 640 2881 a
663 2818 787 2881 Graecis
810 2819 894 2881 fusos
918 2841 990 2882 esse.
1022 2822 1065 2882 At
1087 2842 1161 2883 num
1185 2816 1349 2880 Clearchus
1371 2818 1444 2880 inde

360 2923 503 3008 colligere
533 2921 636 3007 potuit
665 2924 768 2983 utrum
790 2921 893 3005 potius
915 2921 1086 2983 faciendum
1108 2920 1224 2983 fuerit?
1259 2920 1346 2983 Num
1369 2942 1443 2983 con-

357 3031 405 3090 tra
428 3025 584 3112 providere
606 3023 708 3110 potuit
731 3023 756 3085 si
780 3026 979 3088 Artaxerxem
1000 3045 1073 3087 cum
1091 3024 1154 3087 suis
1170 3044 1329 3109 aggressus
1349 3027 1441 3101 esset,

358 3152 389 3194 se
412 3131 566 3193 victurum
585 3150 664 3205 esse,
687 3149 782 3211 quum
804 3127 925 3211 quidem
950 3126 1058 3206 Graeci
1081 3125 1183 3190 subito
1206 3131 1237 3189 et
1259 3127 1441 3213 necopinato

357 3233 452 3319 Regis
484 3232 617 3296 adventu
647 3232 815 3295 innumeris
839 3254 908 3295 cum
932 3232 1028 3317 copiis
1050 3230 1127 3295 bene
1149 3230 1299 3294 ordinatis
1321 3234 1441 3316 pertur-

356 3336 423 3400 bati
454 3334 603 3420 extemplo
635 3337 688 3398 vix
717 3335 751 3399 in
774 3335 868 3399 aciem
891 3334 1113 3400 constiterint?
1139 3334 1198 3419 (Cf.
1222 3356 1247 3397 c.
1270 3333 1339 3397 VII
1361 3332 1438 3397 med.

357 3437 497 3523 Xenoph.
515 3438 612 3501 Anab.
635 3438 662 3515 I,
686 3442 715 3515 8,
738 3439 780 3523 4.)
801 3439 914 3503 Carere
932 3440 1029 3526 igitur
1054 3438 1252 3503 tummaximc
1274 3459 1350 3523 opus
1370 3441 1443 3501 erat

358 3542 443 3605 Num
475 3544 592 3618 autem,
621 3540 646 3602 si
679 3540 744 3625 ipse
773 3542 867 3605 aciem
899 3542 1042 3606 adversus
1072 3542 1187 3629 Regem
1207 3542 1370 3618 movisset,
1393 3561 1440 3603 res

357 3643 465 3708 melius
497 3643 673 3720 cessissent;
703 3664 778 3705 num
807 3642 923 3725 Cyrum
950 3649 1090 3729 pugnatu
1122 3640 1287 3708 arcuisset?
1323 3643 1441 3728 Nempe

357 3769 405 3811 res
429 3747 542 3832 optime
564 3747 721 3811 verterunt
740 3743 842 3808 Persis
865 3744 1018 3828 utrimque
1041 3749 1072 3809 et
1097 3767 1114 3808 a
1132 3746 1257 3810 Graecis
1273 3749 1304 3809 et
1323 3767 1340 3809 a
1360 3746 1440 3830 Cyro

359 3850 482 3935 fugatis.
522 3850 593 3914 Sive
623 3848 702 3930 enim
734 3869 751 3910 a
781 3846 905 3911 Graccis
936 3846 1000 3910 sive
1029 3868 1047 3910 a
1077 3846 1151 3931 Cyri
1181 3846 1314 3912 barbaris
1344 3849 1440 3935 Regis

360 3958 497 4019 centrum
521 3956 696 4039 superatum
719 3954 783 4016 erat
805 3951 885 4015 nihil
907 3950 1052 4028 interest,
1072 3950 1234 4015 dummodo
1253 3952 1321 4016 Rex
1339 3954 1440 4017 victus

359 4058 409 4122 sit.
454 4058 534 4121 Tum
552 4068 633 4121 ¹vero
664 4078 755 4142 penes
779 4056 893 4141 Cyrum
915 4055 976 4120 fuit
998 4056 1110 4121 servari
1132 4078 1167 4119 ac
1190 4056 1347 4120 consulere
1365 4055 1440 4132 sibi,

360 4159 412 4225 sed
442 4181 570 4245 magnus
600 4160 718 4223 animus
749 4181 784 4222 ac
815 4162 958 4223 strennus
981 4181 1065 4237 enm,
1087 4181 1183 4245 nuper
1206 4158 1333 4224 consilio
1357 4157 1438 4221 cauti

360 4262 500 4329 Clearchi
528 4266 644 4348 spreta,
669 4263 719 4347 (cf.
742 4261 833 4347 paulo
858 4261 996 4347 superius
1019 4267 1049 4326 et
1073 4262 1151 4326 Xan.
1173 4262 1269 4326 Anab.
1292 4262 1327 4337 I,
1351 4264 1380 4339 7,
1396 4262 1438 4345 9.)

360 4368 534 4432 etiamnunc
554 4366 681 4430 victoria
698 4365 810 4432 elatum
829 4366 862 4431 iu
882 4364 980 4430 media
991 4365 1126 4453 pericula
1138 4365 1270 4447 conjecit
1281 4365 1439 4450 ipsumque

360 4474 391 4535 et
414 4493 499 4537 suam
522 4491 584 4535 rem
606 4469 745 4557 perdidit.
