3609 5450
801 505 978 567 ,σου

351 691 518 758 necmsario
548 690 618 754 inde
643 689 730 773 sequi
752 689 907 770 debuisse,
928 689 1138 783 unusquisque
1160 689 1258 754 videt:
1282 685 1450 750 desidera·

352 795 442 860 batur
461 816 478 858 a
497 790 667 879 legentibus
690 791 831 872 verbum,
853 792 891 858 ad
914 791 997 878 quod
1015 791 1166 856 ablativus
1184 790 1238 856 ille
1255 789 1447 876 pertineret:

397 895 631 982 Oudendorpins
656 893 761 960 habet:
785 898 862 960 “aad
881 896 992 959 omisso
1014 895 1148 958 oratioue
1170 896 1208 958 de
1227 915 1320 974 poce,
1344 891 1450 954 alter·

353 996 434 1065 ecrd'
467 997 550 1083 reliq.
581 998 615 1062 in
646 997 757 1082 quibus
779 1021 795 1063 o
817 1001 851 1063 in
874 999 984 1062 omissa
1006 997 1135 1062 nimium
1158 1002 1204 1062 est
1222 1000 1335 1062 atrox
1356 993 1449 1078 loqui

353 1105 419 1169 sine
442 1123 531 1166 cansa
553 1101 746 1186 exstirpatur.
1274 1174 1276 1179 .

398 1205 470 1290 Cap.
494 1206 544 1267 25.
589 1204 786 1287 “Duriusque
817 1203 952 1287 quotidie
973 1208 1089 1287 tempus
1110 1203 1154 1266 ad
1173 1201 1449 1287 transportandum

354 1306 516 1372 leuioribus
537 1305 634 1368 ocutis
658 1327 715 1368 uou
738 1304 917 1389 spectabat.''

397 1412 448 1475 Ita
477 1407 648 1472 emendavit
670 1408 892 1494 Nipperdeins,
921 1407 1004 1493 quod
1027 1407 1068 1472 Γ.
1091 1408 1170 1471 Tota
1192 1406 1265 1471 haec
1287 1408 1450 1475 sententia

354 1516 398 1579 ita
426 1514 612 1577 conformata
640 1513 697 1591 sit,
720 1521 756 1577 ut
778 1494 946 1577 nccess'ario
970 1512 1008 1575 ad
1030 1513 1196 1597 praefectos
1220 1511 1327 1575 classis
1350 1511 1451 1576 Pom-

354 1618 478 1705 pejanae
499 1615 604 1680 referri
626 1613 747 1695 debeat3
775 1614 863 1680 verba
886 1620 986 1679 autem
1010 1616 1075 1678 “od
1094 1615 1344 1698 truuportandum
1370 1614 1452 1678 leui-

356 1721 456 1784 oribus
487 1715 612 1782 neutia”
641 1732 703 1782 nou
734 1719 796 1783 nisi
826 1720 863 1784 de
893 1718 1081 1783 Caesarianis
1103 1740 1121 1781 a
1142 1715 1320 1783 Brundusio
1343 1723 1453 1784 trans-

356 1824 479 1888 mittere
503 1820 696 1908 cupientibus
719 1822 781 1889 dici
803 1823 931 1908 possint
968 1891 974 1916 Ι

403 1931 444 1990 2⁰.
467 1925 560 1997 Quod
594 1925 721 1990 aliomm
754 1924 1010 2012 explicationibus
1032 1925 1221 2010 acquiescere
1243 1947 1306 1988 non
1331 1927 1457 2011 possit,

358 2030 568 2116 Oudendorpii
601 2052 671 2095 vcro
704 2030 982 2116 interpretationem
1004 2052 1067 2093 non
1096 2031 1170 2093 satis
1199 2027 1356 2114 probatam
1388 2031 1455 2094 exi-

356 2135 467 2199 stimet.
512 2134 761 2219 Oudendorpium
791 2139 888 2198 autem
913 2135 1041 2210 dixisse,
1071 2131 1130 2197 sibi
1162 2132 1258 2198 videri
1287 2132 1322 2195 in
1335 2132 1454 2211 ‘verbis

356 2238 529 2303 memoratis
560 2236 643 2300 huuc
676 2238 775 2302 inesse
808 2261 944 2302 sensum:
974 2236 1184 2314 Caesarianos,
1218 2235 1290 2299 dum
1314 2235 1455 2301 leuiores

357 2345 465 2408 ventos
488 2345 711 2426 exspectarent,
734 2342 840 2406 durius
859 2341 997 2425 quotidie
1018 2342 1169 2426 accepisse
1191 2341 1320 2426 tempus.
1352 2339 1458 2406 Vide-

360 2466 445 2509 amus
469 2443 506 2508 de
529 2444 667 2530 singulis.

404 2548 514 2612 Caesar
547 2557 664 2626 narrat,
697 2569 729 2612 se
764 2548 866 2634 copias
895 2547 1064 2611 Brundusii
1090 2546 1211 2611 relictas
1235 2545 1289 2610 diu
1306 2545 1377 2631 jam
1403 2570 1460 2614 ex·

361 2656 511 2737 spectasse
541 2655 572 2714 et
601 2651 744 2735 quasdam
766 2651 993 2715 transmittendi
1017 2651 1190 2714 occasiones
1213 2648 1390 2736 neglexisse
1414 2651 1460 2718 le-

360 2759 450 2843 gatos
482 2754 541 2819 sibi
571 2755 676 2819 videri.
721 2755 819 2819 Addit
849 2755 982 2819 rationes
1004 2754 1168 2819 nonnullas
1191 2775 1228 2817 ex
1250 2774 1355 2819 rernm
1381 2778 1459 2821 con-

364 2860 480 2925 ditione
502 2860 629 2945 petitas,
651 2880 727 2944 quae
753 2882 821 2923 cum
844 2863 1070 2945 permoverant,
1091 2863 1127 2923 ut
1149 2857 1260 2943 legatis
1283 2857 1459 2939 scriberet,

362 2985 401 3028 ne
423 2967 640 3028 cunctarentur
662 2964 772 3027 venire.
817 2964 914 3027 Nam:
1317 2959 1324 2970 '

407 3068 449 3131 1⁰.
470 3067 642 3131 Praefectos
666 3066 771 3131 classis
792 3065 915 3131 hostilis
938 3086 973 3129 eo
995 3065 1091 3151 magis
1113 3063 1257 3148 vigilare,
1279 3086 1344 3149 quo
1357 3067 1461 3155 magis

361 3168 456 3234 hiems
485 3170 737 3254 appropinquaret
760 3173 790 3233 et
811 3170 953 3252 majorem
974 3189 1056 3252 spem
1075 3165 1255 3253 prohibendi
1274 3170 1461 3257 concipere,

362 3272 445 3357 quod
466 3272 614 3334 transitus
636 3271 670 3333 in
693 3271 757 3335 dies
780 3271 864 3334 fieret
887 3269 1049 3333 difficilior.

409 3372 449 3438 2⁰.
488 3372 665 3459 Pompejum
703 3372 820 3457 saepius
860 3369 1038 3449 dmonere,
1076 3375 1113 3435 ut
1146 3372 1254 3436 acriter
1292 3375 1462 3441 custodias

364 3478 495 3565 agerent.
1453 3537 1459 3548 ,

409 3584 451 3644 3⁰.
475 3576 567 3656 Illos,
591 3599 631 3641 sc.
654 3577 790 3663 Pompeji
808 3576 938 3663 legatos,
957 3578 1133 3642 imminente
1143 3577 1241 3643 hicme
1253 3577 1365 3663 durius
1378 3604 1462 3648 sem·

363 3707 416 3773 per
438 3682 593 3747 habituros
616 3685 752 3767 tempus,
775 3681 847 3746 dum
869 3680 1036 3755 lenioribus
1056 3682 1155 3748 ventis
1174 3680 1281 3745 melius
1301 3683 1339 3747 ad
1353 3687 1462 3752 trans·

363 3786 546 3876 portandum
568 3789 786 3872 exspectarent.

408 3890 516 3956 Naxus
539 3890 701 3968 orationis,
724 3895 761 3954 ut
783 3889 903 3953 tertiam
926 3887 1011 3953 illam
1033 3911 1095 3953 rem
1119 3910 1136 3951 a
1158 3887 1283 3952 Caesare
1304 3909 1462 3957 memora·-

363 3999 424 4061 tam
456 3994 494 4057 ad
523 3993 660 4079 Pompeji
693 3994 859 4078 praefectos
892 3994 1070 4070 referamus,
1099 3992 1267 4056 necessario
1297 3994 1461 4076 postulat3

364 4120 469 4163 sensus
493 4099 592 4159 autem
615 4093 774 4160 verborum
797 4098 843 4159 est
865 4095 1028 4180 ejusmodi,
1050 4098 1087 4157 ut
1110 4116 1143 4157 ea
1166 4094 1202 4159 de
1223 4092 1366 4161 hostibus
1394 4096 1461 4163 dici

363 4224 425 4267 non
448 4199 618 4288 potuerint,
641 4199 753 4285 quippe
770 4199 822 4282 qui
844 4201 945 4285 copias
964 4197 1213 4284 transportandas
1224 4220 1287 4262 non
1298 4196 1460 4265 habereut

408 4306 492 4392 Ergo
523 4326 579 4369 auo
609 4302 678 4367 loco
708 4301 780 4367 haec
803 4303 919 4389 periodi
941 4324 1009 4388 pars
1032 4323 1094 4365 non
1117 4306 1197 4366 stare
1217 4301 1341 4367 videtur
1364 4309 1461 4391 atque

364 4407 424 4473 alio
447 4431 511 4474 csse
531 4406 771 4495 transportands.
816 4407 877 4471 Sed
898 4404 956 4471 hac
978 4406 1015 4471 de
1036 4427 1069 4469 re
1090 4406 1171 4469 infra
1193 4405 1344 4486 dicemus,
1366 4410 1459 4496 priua

365 4511 402 4575 de
432 4534 520 4577 sensu
552 4512 708 4578 verborum
742 4511 913 4588 videamus3
943 4532 1011 4575 nam
1046 4509 1236 4595 conjectura,
1258 4515 1294 4575 ut
1316 4508 1371 4577 bic
1394 4535 1460 4579 usu
