3609 5450
1447 519 1804 581 ..85-

535 704 738 770 cunda
774 725 958 769 manu
1000 705 1068 768 in
1110 707 1288 768 textu
1332 707 1427 769 est
1469 705 1729 791 scripta,
1771 725 1928 789 quae
1968 703 2215 790 vulgata
2253 705 2320 768 in
2357 710 2535 772 textu
2571 711 2694 794 est,

530 809 603 874 in
647 807 883 873 scholio
926 814 1019 873 est
1064 806 1280 872 dubiae
1324 810 1733 874 auctoritatis·
1756 808 1883 894 (ἔδον
1927 807 1987 872 δὲ
2029 810 2173 892 γρ.).
2264 810 2469 874 Tertia
2513 811 2695 876 lectio

531 912 742 998 prodit
763 934 836 976 ex
863 911 1059 977 verbis
1081 919 1186 986 τῆς
1209 912 1577 992 μελαγκέρου
1603 912 1687 999 (Ρ)
1710 910 1875 989 βοός,
1901 913 2188 976 nimirum
2211 926 2357 988 μελ
2374 913 2417 976 οὶ
2432 936 2476 990 γ
2491 939 2527 978 κ
2542 939 2615 995 ερ
2630 940 2693 992 ω,

534 1013 802 1081 Dativus
860 1016 1133 1099 quamvis
1194 1014 1268 1079 ab
1315 1015 1665 1079 Hermanno
1710 1016 1990 1080 defensus
2006 1062 2021 1090 ,
2064 1015 2218 1079 mihi
2264 1015 2558 1083 absurdus
2602 1021 2695 1082 vi—

533 1119 742 1198 detur3
785 1119 1188 1205 intelligerem
1233 1120 1285 1183 si
1326 1124 1482 1183 esset
1502 1121 1811 1205 scriptum
1846 1119 2232 1200 μελαγκρόκῳ
2266 1123 2693 1200 μηχανήματι,

533 1223 723 1307 (veste
764 1224 966 1307 myra)
1007 1223 1110 1287 sed
1145 1221 1525 1302 μελαγκερων
1561 1222 1902 1303 μηχάνημα
1936 1245 2059 1286 non
2098 1228 2297 1308 potest
2328 1225 2695 1309 significare,

529 1325 694 1410 quod
760 1325 978 1390 volunt
993 1373 1009 1401 ,
1075 1325 1276 1388 dolum
1291 1372 1308 1400 ,
1373 1347 1486 1409 quo
1551 1332 1768 1388 taurus
1830 1322 2026 1407 nigris
2082 1327 2372 1388 cornubus
2424 1333 2695 1391 armatus

529 1429 787 1512 capitur.
855 1429 1129 1494 Genitivi
1172 1427 1522 1507 μελάγκερω
1560 1429 1766 1494 nullus
1797 1450 1947 1493 usus
1979 1435 2087 1494 est.
2154 1431 2369 1494 Restat
2390 1431 2696 1509 μελαγκε-

529 1555 666 1613 ρων,
721 1555 873 1617 quae
916 1533 1099 1597 lectio
1142 1532 1381 1619 probari
1424 1542 1660 1618 posset,
1693 1534 1876 1597 modo
1898 1533 2193 1598 articulus
2215 1535 2478 1611 adesset,
2500 1537 2559 1599 ἐν
2589 1536 2692 1600 πέ-

529 1651 697 1708 πλοις
764 1635 861 1701 τὸν
925 1634 1341 1716 μελαγκερων,’
1417 1640 1478 1700 et
1542 1638 1940 1717 μηχανήμασι-ι
2008 1636 2318 1723 epitheton
2386 1639 2690 1722 quoddam

527 1739 808 1819 haberet;
851 1740 1035 1824 friget
1080 1740 1242 1803 enim
1283 1738 1446 1803 nude
1489 1742 1772 1825 positum.
1864 1733 2012 1804 Non
2072 1741 2261 1805 audeo
2307 1744 2693 1825 μελαγκρόκῳ

527 1866 738 1912 verum
783 1843 1011 1921 dicere,
1051 1846 1294 1906 tantum
1337 1843 1624 1906 maiorem
1669 1843 2072 1928 corruptelam
2115 1844 2217 1908 hic
2261 1852 2465 1910 statuo
2508 1870 2690 1932 quam

527 1948 715 2034 vulgo
758 1951 997 2032 putant.
1083 1945 1175 2010 Ut
1232 1967 1399 2009 nunc
1458 1967 1523 2010 se
1587 1967 1682 2010 res
1746 1944 1961 2023 habet,
2020 1946 2223 2012 Schol.
2269 1949 2451 2014 lectio
2498 1953 2690 2036 prima

525 2049 907 2130 μελαγκερων
951 2050 1245 2136 proxima.
1267 2070 1407 2114 vero
1452 2053 1561 2113 est.

616 2155 1089 2219 OHOEPHORAE.
1161 2156 1260 2217 13.
1350 2161 1568 2229 πῆμα
1633 2160 1931 2233 προςκυρεῖ
1988 2153 2123 2219 νέον.
2219 2155 2339 2219 His
2408 2157 2686 2225 scholion

527 2258 902 2344 adscriptum
966 2258 1098 2323 ἀντὶ
1163 2262 1266 2322 τοῦ
1333 2264 1513 2334 πῆμα
1577 2256 1727 2333 νέον,
1796 2257 1961 2341 quod
2027 2257 2353 2323 absurdum
2397 2267 2520 2339 est,
2564 2267 2686 2330 nisi

527 2360 894 2426 Scholiastes
953 2360 1121 2424 aliud
1180 2360 1328 2444 quid
1388 2360 1621 2446 legerit.
1710 2360 1788 2425 Id
1845 2366 2046 2426 autem
2089 2369 2183 2427 est
2225 2371 2477 2442 πτῶμα,
2524 2369 2688 2452 quod

524 2465 843 2530 Turnebus
889 2467 1011 2529 iam
1053 2466 1320 2542 invenit,
1364 2470 1426 2529 et
1470 2469 1633 2529 recte
1674 2467 1919 2551 recepit.

613 2573 731 2646 61,
774 2591 902 2653 sqq.
969 2569 1286 2640 Quatenus
1343 2568 1410 2632 in
1469 2562 1587 2632 hoc
1631 2567 1767 2632 loco
1815 2569 2174 2634 difficillimo
2218 2571 2509 2636 lectiones
2557 2573 2690 2638 Me-

524 2673 685 2737 dioei
751 2677 812 2736 et
877 2669 1250 2737 Scholiastae
1316 2670 1630 2748 differant,
1694 2672 1986 2737 facillime
2031 2674 2369 2760 apparebit,
2412 2677 2464 2740 si
2513 2678 2688 2744 verba

523 2776 792 2841 Medicei
836 2778 896 2839 et
940 2774 1494 2861 interpretationem
1538 2774 1897 2840 scholiastae
1941 2778 2113 2841 iuxta
2157 2801 2539 2864 apponamus.

876 2926 1068 2992 Mea:
1399 3002 1406 3008 ,
1994 2926 2225 2992 Schol.:

608 3043 748 3125 ῥοπὴ
793 3041 1170 3107 δ’ἐπισκοπεῖ
1204 3038 1416 3130 δίκαν
1595 3044 1630 3117 ἦ
1687 3047 1793 3115 Τῆς
1853 3039 2008 3114 δίκης
2051 3044 2190 3121 ῥοπὴ
2233 3043 2367 3114 τοὺς
2410 3044 2518 3121 μὲν
2563 3048 2685 3111 ἐπί-

513 3154 746 3227 ταχεῖα
788 3153 940 3218 τοῖς
983 3146 1092 3223 μὲν
1137 3146 1194 3210 ἐν
1229 3142 1412 3229 φάει,
1503 3151 1714 3209 σκοπεῖ
1750 3144 1989 3224 ταχέως
2035 3144 2134 3209 καὶ
2180 3145 2503 3224 ἀμύνεται,

605 3252 687 3317 τα
710 3251 832 3316 δ’ἐν
854 3249 1201 3331 μεταιχμίῳ
1214 3248 1418 3315 σκότου
1596 3246 1808 3324 ἄλλοις,
1858 3248 1917 3313 δὲ
1974 3251 2032 3313 ἐν
2092 3250 2419 3331 ἀμφιβόλῳ
2470 3253 2542 3336 ἐᾷ
2584 3254 2688 3328 τὴν

519 3356 675 3435 μένει
719 3354 1026 3444 χοονίζοναθ
1073 3354 1262 3441 (diu),
1505 3352 1782 3435 τιμωρίαν
1825 3354 1926 3419 οὐκ
1967 3352 2174 3432 ἀθρόως
2218 3354 2579 3435 ἀμυνομένη,

609 3456 738 3538 ἄχη
781 3457 830 3534 β
845 3456 1018 3537 ρύει.
1597 3455 1745 3523 ὥστε
1787 3457 1922 3531 τοὺς
1963 3458 2326 3536 ἠδικημένους
2364 3460 2463 3524 ὑπ’
2498 3462 2689 3527 αὐτῶν

1499 3560 1827 3648 λυπεῖσθαι.

534 3754 538 3760 .
609 3699 781 3763 Hinc
848 3700 1092 3783 apparet
1151 3692 1554 3758 Scholiastam
1609 3696 1830 3780 legisse
1874 3698 2014 3777 ῥοπὴ
2060 3697 2108 3759 δ’
2131 3700 2437 3761 ἐπισκοπεῖ
2475 3699 2692 3774 δίκας·

518 3810 747 3884 ταχεῖα
781 3801 953 3871 τοὺς
997 3797 1106 3877 μέν
1149 3802 1211 3861 et
1255 3795 1384 3877 ἄχη
1428 3796 1714 3876 βρύεινς
1761 3802 2129 3882 postremum
2153 3799 2479 3884 explicavit
2502 3803 2684 3869 intel-

517 3905 679 3971 lecto
723 3904 889 3970 ὥστε.
983 3902 1157 3973 Quae
1216 3902 1580 3987 interposita
1646 3905 1792 3964 sunt
1849 3901 1933 3965 τοὶ
1992 3900 2040 3963 δ’
2063 3940 2151 3949 -
2186 3902 2492 3983 χρονι’ζοντ’
2535 3906 2686 3971 bene

519 4013 801 4096 exposuit
859 4008 1134 4093 quidem,
1190 4007 1296 4071 sed
1339 4028 1465 4070 non
1509 4005 1756 4070 verbum
1802 4004 1984 4069 verbo
2030 4006 2327 4083 reddidit3
2372 4008 2456 4073 τοὶ
2499 4009 2686 4083 intel-¹

519 4113 676 4178 lexit
717 4114 799 4178 τα
842 4113 1292 4193 ἁμαρτήματας
1340 4131 1407 4173 ea
1450 4131 1634 4193 quum
1681 4110 1748 4171 in
1792 4108 2052 4173 tenebris
2100 4116 2517 4196 perpetrantur
2553 4112 2619 4184 si,

523 4216 598 4283 ab
662 4214 1007 4281 hominibus
1048 4214 1379 4290 obscuris,
1441 4212 1550 4276 diu
1612 4212 1912 4298 impunita
1972 4220 2244 4288 manent,
2292 4220 2364 4276 ut
2412 4212 2493 4276 [lu
2541 4212 2558 4228 “

521 4343 671 4388 num
738 4340 989 4405 poenam
1055 4339 1342 4402 umquam
1404 4317 1532 4381 sint
1598 4314 1815 4380 daturi.
1912 4316 2132 4380 Primis
2188 4312 2384 4376 versib
2437 4388 2441 4390 .

522 4426 788 4513 praestat
843 4420 1201 4486 scholiastae
1240 4419 1424 4484 lectio
1469 4418 1751 4506 vulgatae
1767 4465 1784 4495 ,
1824 4424 2160 4505 postremus
2204 4416 2244 4483 d
2337 4436 2355 4439 ²

523 4536 584 4597 et
642 4531 834 4595 metro
891 4525 1295 4612 interpolatus
1339 4526 1459 4601 est,
1502 4542 1616 4589 nec
1657 4518 1785 4588 ulla
1828 4521 2064 4585 sanatio
2106 4521 2320 4589 melius
2364 4542 2388 4610 1
