3609 5450
802 503 981 563 ..68-

348 691 442 755 fuisse
471 691 568 752 totum
600 708 693 772 opus,
716 685 766 750 sed
791 691 939 751 structam
963 708 1027 751 esse
1051 689 1164 770 partem
1187 687 1312 751 tantum
1338 688 1439 752 muni-

348 793 458 869 tionis,
487 813 563 876 quae
593 790 630 853 ad
660 788 743 853 hunc
772 789 895 853 modum
925 793 989 852 erat
1013 791 1135 866 effecta,
1157 795 1193 853 ut
1216 787 1323 876 plures
1351 791 1440 857 colles

350 893 641 977 vallo'turribusque
660 892 933 981 conjungerentur;
954 891 1109 957 Caesarem
1129 893 1209 957 enim
1227 893 1261 956 in
1272 894 1440 960 muniendo
1463 948 1469 995 l

349 1000 511 1087 praevertit
538 998 703 1082 Pompejus.

392 1102 488 1167 Porro
510 1102 544 1165 in
567 1099 690 1188 vulgato
714 1099 847 1185 legitur:
871 1106 888 1137 “
896 1101 980 1169 Quae
1002 1121 1092 1183 qaam
1114 1105 1200 1163 meat
1223 1099 1292 1164 loca
1318 1099 1441 1165 omas

351 1206 496 1290 cupienda
517 1240 562 1252 -
584 1211 684 1266 tamea
706 1203 772 1266 saia
796 1202 871 1265 lucia
892 1239 938 1249 —
959 1199 1123 1266 mittebat.''

395 1304 527 1378 “Quae'’
543 1327 603 1370 non
620 1310 796 1391 corruptum
815 1327 881 1370 esse
902 1326 966 1369 nou
988 1308 1105 1391 potest,
1123 1303 1206 1390 quod
1225 1327 1262 1370 ex
1283 1307 1442 1392 sequentis

352 1412 460 1499 capitis
493 1408 585 1473 initio
619 1413 717 1496 patet,
751 1409 820 1487 ubi,
851 1431 929 1494 qnae
956 1407 1025 1473 bl
1050 1409 1188 1472 universe
1209 1413 1336 1474 narrata
1361 1415 1443 1487 sunt,

352 1514 489 1601 exemplo
520 1512 613 1596 allato
642 1511 844 1577 illustrantur.
889 1513 973 1598 Erga
1004 1513 1041 1576 de
1063 1511 1193 1577 collibus
1215 1513 1362 1578 nondum
1385 1537 1444 1579 rnu-

351 1619 429 1683 nitis
463 1638 558 1681 sermo
592 1621 653 1692 est,
687 1638 749 1679 non
783 1616 821 1680 de
850 1617 906 1692 iis,
936 1617 990 1700 qui
1013 1637 1029 1678 a
1055 1616 1198 1702 Pompejo
1217 1617 1284 1700 jem
1308 1619 1444 1704 captiet

354 1721 466 1786 muniti
501 1724 593 1784 erant.
638 1719 708 1783 Vox
742 1720 821 1783 enim
850 1720 1041 1802 praesidium
1071 1741 1132 1804 quo
1161 1720 1273 1785 Caesar
1302 1743 1385 1788 usus
1408 1723 1445 1787 est

355 1848 418 1912 cap.
452 1846 512 1909 seq.
544 1822 661 1887 indicat
694 1821 817 1912 collem,
846 1823 899 1907 qui
928 1827 991 1886 erat
1018 1822 1218 1899 muniendus,
1240 1827 1279 1888 nt
1302 1824 1446 1910 praesidii

354 1930 415 1994 loci
435 1933 524 1993 esset.
569 1928 622 1992 Sic
643 1925 744 2013 paullo
766 1925 846 1990 infra
868 1934 972 1989 “neaa
996 1926 1071 2008 lepte
1090 1927 1280 2010 praesidium
1299 1931 1447 2013 qnoddas

279 2020 283 2031 ¹
356 2033 511 2116 occupavit
533 2036 563 2094 et
584 2031 700 2093 mande
721 2027 843 2113 coepit.”
888 2028 980 2094 Unde
1001 2028 1162 2094 relativum
1195 2050 1273 2114 qaae
1305 2033 1448 2098 mutoin

357 2159 450 2222 quare
471 2135 531 2199 hoc
553 2156 657 2199 sensu:
688 2133 864 2219 Pompejani
891 2155 980 2219 opera
1002 2155 1056 2196 sua
1084 2134 1270 2218 perfecerant
1303 2134 1449 2202 interiore

357 2243 455 2327 spatio
469 2241 567 2326 prius,
587 2261 676 2323 quam
692 2238 799 2302 Caesar
814 2260 869 2301 sua
885 2236 923 2301 ad
936 2237 1025 2301 finem
1038 2236 1236 2321 perduxisset.
1260 2237 1449 2326 Superersnt

357 2345 454 2430 igitur
480 2344 563 2419 loca,
586 2364 661 2426 quae
687 2341 723 2405 ab
741 2341 800 2405 hoc
824 2342 890 2426 capi
910 2341 1082 2424 munirique
1102 2339 1266 2419 debebant3
1291 2362 1361 2426 quo
1378 2344 1450 2411 cirea

323 2490 327 2497 ·
357 2448 537 2535 Pompejus,
567 2446 685 2530 quoties
709 2444 818 2508 Caesar
831 2443 950 2509 ‘collem
969 2444 1116 2527 quendam
1129 2448 1315 2530 occupatum
1328 2449 1449 2514 munire

358 2552 519 2637 inciperet,
541 2553 656 2636 partem
680 2549 832 2633 copiarum
855 2547 976 2612 mittere
995 2545 1126 2627 solebat,
1148 2570 1225 2633 quae
1240 2532 1355 2616 licetes
1371 2573 1452 2641 open

315 2689 317 2693 ·
361 2657 524 2743 occupatos
547 2652 767 2741 aggrederetur.

404 2760 477 2846 Oap.
500 2763 542 2823 48
566 2758 658 2821 initio
681 2757 765 2820 “aar
787 2758 878 2821 etiam
897 2777 993 2840 pecua
1015 2756 1131 2819 radicis
1153 2757 1313 2821 tremum
1337 2761 1382 2825 ab
1404 2761 1453 2837 a'r's,

362 2865 415 2951 qui
428 2866 565 2949 fumarat
587 2862 752 2939 octembres,
773 2863 854 2947 qaod
873 2861 1049 2945 appellatur
1074 2856 1191 2923 ehora”
1213 2859 1302 2946 reliq.

405 2970 501 3034 Recte
533 2967 738 3053 Nipperde'r'us
768 2964 807 3029 ad
836 2964 908 3029 bl.
930 2968 1019 3029 notat
1041 2986 1058 3027 a
1080 2963 1205 3027 Caesare
1234 2964 1380 3033 indicari
1405 2967 1454 3033 mi·

361 3074 447 3151 lites,
477 3072 531 3157 qni
561 3092 662 3135 secum
685 3069 862 3155 Pompejum
885 3067 1073 3132 obsiderent:
1096 3067 1178 3131 unde
1200 3065 1310 3132 Vossii
1335 3072 1455 3157 conjec-

360 3181 480 3252 turam,
504 3175 556 3258 qui
591 3173 720 3257 conjecit
754 3194 818 3234 eum
855 3170 997 3246 Valerio,
1019 3172 1126 3234 merito
1156 3168 1331 3256 improbat,
1357 3176 1454 3241 utiet

363 3277 511 3363 Herzogii
533 3276 728 3360 figmentum,
750 3274 803 3355 qui
827 3272 1013 3335 Balearibus
1031 3276 1068 3336 ut
1087 3272 1221 3359 legamus
1242 3275 1374 3343 suadet:
1391 3277 1454 3345 fun-

363 3381 475 3447 ditores
498 3377 615 3442 scilicet
637 3377 664 3439 is
686 3375 853 3461 significari
876 3373 1063 3460 opinabatur.

407 3481 536 3546 Meliora
570 3478 653 3543 dedit
687 3477 908 3564 Nipperdeius‚
944 3478 1109 3561 conjiciens
1142 3478 1362 3563 incallidus,
1385 3502 1453 3571 quae

363 3586 492 3651 formula
517 3587 617 3648 tamen
643 3587 675 3648 et
698 3583 789 3646 nimis
811 3581 986 3646 indefinitae
1009 3586 1055 3647 est
1076 3582 1316 3669 significationis
1339 3591 1376 3653 et
1398 3607 1462 3653 nor.

363 3691 439 3755 satis
465 3687 644 3755 vocabulum
666 3687 789 3752 reddere
810 3687 952 3765 videtur,
975 3687 1062 3772 cujus
1085 3686 1228 3770 reliquias
1248 3688 1343 3755 nobis
1359 3712 1453 3757 servs·

364 3799 437 3858 runt
471 3794 597 3858 codices.
642 3790 713 3856 Vox
746 3792 825 3856 enim
857 3791 993 3877 plurium
1025 3789 1207 3876 syllabarum
1234 3791 1269 3853 in
1301 3795 1453 3859 aaaron

367 3897 459 3962 latere
478 3896 557 3960 mihi
580 3896 708 3961 videtur.
1075 3899 1077 3903 ’

410 4001 449 4064 Ιιι
479 4004 608 4064 mentem
631 3998 706 4063 mihi
727 3998 813 4062 veuit
839 4019 905 4061 eum
921 3997 1158 4080 pabulatoribus.
1203 3997 1352 4066 Proxime
1381 4001 1452 4068 min

368 4104 576 4169 antecedentia
599 4102 635 4166 de
657 4101 871 4165 commeatibus
895 4105 1007 4186 agunt,
1030 4093 1086 4184 qui
1114 4121 1150 4164 ex
1172 4099 1267 4186 Epiro
1291 4105 1453 4174 affereban-

367 4216 419 4275 tur
446 4212 476 4273 et
499 4210 637 4272 universe
659 4205 697 4269 de
719 4206 758 4268 iis
780 4205 886 4282 rebus,
909 4203 1021 4288 quibus
1044 4204 1137 4268 vitam
1161 4206 1384 4275 sustentabant
1405 4207 1452 4275 m'r

366 4312 452 4378 lites:
481 4311 571 4377 facile
599 4332 636 4375 ex
661 4309 812 4372 autaldus
842 4310 877 4372 fit
910 4308 1082 4384 autemus,
1107 4307 1352 4390 pabulatoribus.
1400 4312 1453 4379 Eos

368 4422 466 4482 autem
497 4416 535 4480 ad
563 4414 596 4479 id
625 4413 725 4499 ipsum
750 4434 901 4500 egressos,
924 4414 960 4475 ut
984 4415 1180 4476 commeatum
1210 4415 1366 4481 exercitui
1389 4437 1453 4504 sup

367 4523 538 4609 portarent,
572 4516 719 4604 ejusmodi
752 4518 884 4583 radicem
912 4516 1079 4593 invenisse,
1107 4536 1169 4580 nou
1202 4514 1375 4589 absurdum
1406 4521 1452 4588 est
