3609 5450
618 526 620 531 ’
726 546 902 608 -11-

269 729 445 795 offendisset
475 729 625 816 particula
647 733 848 816 comparativa
871 731 888 806 ἤ
911 730 957 794 aio
979 729 1060 792 intra
1082 728 1237 793 tantulum
1259 730 1351 814 spatii

268 835 385 898 iterata.
429 834 554 920 Saepius
586 838 686 898 autem
716 834 880 920 magistetli
911 834 1016 898 ardore
1045 833 1150 896 tenuia
1179 831 1352 918 explicandi

268 938 433 1022 flagrantes·
459 938 567 1023 putida
598 937 758 1024 diligentia
788 940 1007 1023 comparativos
1038 936 1255 1021 suppleverunt
1285 958 1353 999 sen-

270 1063 397 1125 sumque
417 1040 649 1127 interpolarunt.
695 1042 747 1105 sio
771 1043 805 1105 in
828 1043 914 1106 Orat.
937 1041 1007 1106 XII
1029 1063 1057 1125 p.
1080 1042 1158 1116 239,
1180 1060 1204 1101 e.
1220 1037 1282 1116 περὶ
1299 1037 1353 1116 μέν

269 1141 315 1209 ούν
336 1149 392 1209 τῶν
414 1150 535 1220 ποιητῶν
557 1142 636 1218 αὖθις
659 1147 774 1226 ἐροῦμεν
803 1145 835 1220 ἢν
857 1145 900 1222 μή
924 1168 964 1222 με
985 1142 1126 1224 προανέλη
1148 1140 1181 1206 τὸ
1203 1140 1352 1222 γῆρας,ἢ

269 1249 331 1330 περί
354 1249 575 1330 σπουδαιοτέρων
597 1248 785 1329 πραγμάτων
807 1248 868 1329 έχω
892 1272 920 1313 τι
942 1247 1041 1323 λέγειν
1063 1247 1080 1322 ἢ
1102 1245 1252 1310 τούτων.
1291 1246 1354 1308 Ae-

270 1353 351 1417 cedit
373 1357 403 1417 et
427 1354 485 1417 alia
507 1355 585 1418 ratio
610 1376 665 1418 our
688 1354 755 1418 illie
779 1353 796 1428 ἢ
815 1352 924 1418 τούτων
943 1351 1057 1428 deleas,
1079 1351 1150 1434 quia
1163 1354 1233 1434 post
1252 1346 1269 1423 a
1285 1369 1353 1433 par-
1451 1346 1457 1354 '

266 1456 392 1520 tioulam
423 1458 656 1543 comparativam
687 1452 871 1542 praepositio
901 1456 1038 1519 iteratur.
1084 1451 1157 1516 Vid.
1188 1452 1273 1516 Orat.
1301 1450 1352 1515 IX

267 1583 295 1646 p.
320 1563 400 1638 206,
423 1559 451 1623 b.
481 1562 551 1640 παρ’
572 1553 613 1630 οἷς
635 1559 762 1638 κρεῖττόν
785 1560 862 1624 έστιν
885 1558 902 1634 ἢ
926 1556 1009 1638 παρά
1030 1563 1090 1629 τοῖς
1113 1552 1215 1626 άλλοις
1237 1552 1354 1617 άπασιν

267 1663 433 1738 εὐδοκιμεῖν.
467 1663 499 1726 Χ
523 1685 551 1748 p.
576 1666 655 1741 214,
677 1685 701 1726 a.
726 1661 795 1738 δέξω
826 1662 889 1742 περὶ
920 1661 1022 1726 τούτου
1044 1638 1162 1738 μάλλον
1185 1656 1354 1736 σπουδάζειν

268 1765 285 1841 ἢ
309 1765 372 1845 περί
396 1760 428 1838 ἧς
450 1767 502 1840 την
524 1767 620 1846 άρχην
643 1765 793 1844 ὑπεθέμην.
816 1788 845 1851 p.
869 1769 948 1840 218,
972 1787 997 1827 a.
1013 1767 1130 1841 μάλλον
1144 1761 1353 1842 προτετίμηται

266 1868 432 1959 τὸκάλλος
462 1873 532 1950 παρ’
553 1868 665 1941 ε’κείνοις
688 1870 704 1944 ἢ
728 1872 797 1951 παρ’
819 1873 897 1947 ἡμῖν.
923 1869 993 1933 XII
1016 1891 1044 1953 p.
1068 1870 1149 1945 236,
1172 1889 1196 1930 a.
1220 1867 1254 1930 δι’
1277 1864 1354 1929 οὐδὲν

267 1969 360 2052 ἕτερον
382 1972 399 2047 ἢ
421 1972 469 2037 διά
490 1974 617 2045 τούτους.
641 1997 669 2060 p.
694 1977 768 2049 237,
792 1974 819 2037 d.
843 1972 932 2050 μηδὲν
954 1972 989 2036 δι’
1011 1969 1103 2052 ἕτερον
1126 1969 1269 2040 δυσκόλως
1284 1967 1353 2048 πρύς

267 2098 308 2152 με
338 2074 527 2154 διακειμένους
559 2077 575 2151 ἢ
606 2075 654 2140 διά
684 2075 717 2141 τδ
748 2077 836 2140 δοκεῖν
863 2077 924 2141 κτὲ.
956 2075 1045 2139 XIII
1068 2097 1096 2159 p.
1116 2078 1201 2150 295,
1225 2071 1253 2136 b.
1276 2071 1354 2136 οὐδὲν

267 2184 384 2258 μάλλον
407 2179 474 2260 πρὸς
497 2179 563 2250 τοὺς
586 2179 743 2251 δικανικοὺς
765 2179 871 2256 λύγους
895 2178 997 2258 ἢπρύς
1013 2178 1079 2249 τοὺς
1095 2174 1214 2248 άλλους.
1230 2175 1305 2239 ibid.
1322 2176 1351 2242 d.

267 2285 372 2349 θάττον
390 2282 459 2364 πρὸς
474 2283 627 2347 ἐπιείκειαν
643 2283 660 2358 ἢ
678 2283 745 2364 πρὸς
760 2282 902 2364 ῥητορείαν
917 2282 1103 2366 ὠφελήσειεν.
1121 2280 1186 2345 XV
1197 2302 1225 2366 p.
1239 2283 1313 2357 345,
1324 2278 1352 2341 d.

266 2390 290 2453 εἰ
313 2387 347 2452 δι’
369 2385 445 2452 άλλο
467 2411 494 2452 τι
517 2386 657 2466 σωζοίμην
680 2387 697 2462 ἢ
722 2386 770 2452 διά
791 2387 857 2458 τούς
879 2386 994 2463 λάχους.
1029 2384 1128 2470 Epist.
1147 2385 1165 2448 Ι
1183 2407 1211 2470 p.
1231 2385 1311 2460 405,
1327 2404 1351 2446 e.

254 2484 335 2573 ’πρὸς
363 2492 416 2556 τίν’
447 2488 483 2554 θον
513 2489 681 2571 δικαιότερον
711 2489 892 2571 διαλεχθείην
916 2490 932 2564 ἢ
956 2487 1025 2564 πρὸς
1055 2487 1104 2552 τὸν
1134 2511 1182 2567 πρ.
1229 2486 1352 2557 Quibus

268 2596 447 2661 constitutis
470 2598 500 2658 et
523 2595 596 2658 alias
620 2594 722 2658 sordes
746 2593 828 2658 eluas
851 2596 885 2658 in
909 2593 994 2657 Orat.
1016 2591 1082 2657 XV
1105 2594 1123 2676 5
1148 2595 1191 2654 84
1218 2590 1251 2676 [ἢ
1269 2604 1352 2665 τηλι-

266 2701 388 2783 κούτων]
415 2697 496 2764 XVI
520 2720 548 2784 p.
572 2700 646 2775 347,
670 2719 694 2761 o.
718 2698 735 2773 ἢ
759 2702 814 2763 τῶν
837 2698 935 2763 αὑτοῦ.
960 2695 1030 2760 ΧΠ
1045 2719 1073 2782 p.
1091 2699 1169 2772 235,
1185 2693 1212 2758 b.
1230 2694 1350 2769 ἢκεῖνοι.

267 2804 410 2866 Ceterum
439 2824 492 2888 pro
522 2801 610 2865 πλέον
640 2801 738 2886 legere
760 2801 850 2866 velim
873 2807 973 2877 πλεῖν,
995 2821 1056 2883 qua
1076 2798 1172 2863 forma
1196 2800 1353 2861 eontracta

267 2907 305 2971 ad
327 2927 469 2970 numeros
492 2907 624 2968 utuntur
646 2905 763 2981 Attice,
787 2903 868 2987 quod
891 2900 1111 2988 Aristophanes
1133 2900 1350 2964 multisexem-

265 3010 325 3097 ptis
348 3012 499 3096 praestat:
522 3008 556 3071 in
578 3004 709 3071 Acharn.
732 3028 776 3070 rs.
800 3009 874 3071 858.
899 3012 985 3069 πλεῖν
1007 3004 1024 3080 ἢ
1048 3003 1185 3085 τριάκονθ’
1207 3003 1350 3084 ἡμέρας..

265 3114 369 3199 nquit.
393 3134 435 3177 vs.
460 3114 533 3174 444.
578 3117 697 3184 Κλοπῆς
727 3109 757 3172 δὲ
778 3116 864 3174 πλεῖν
886 3108 903 3184 ἢ
927 3106 1040 3189 χιλίας.
1087 3110 1144 3172 Av.
1167 3130 1211 3172 va.
1235 3112 1262 3172 6.
1287 3107 1349 3172 ὁδοῦ

264 3217 420 3298 περιελθεῖν
449 3212 557 3279 στάδιον
583 3219 669 3278 πλεῖν
699 3212 716 3286 ἢ
738 3210 837 3292 χίλια.
881 3211 965 3277 Nub.
988 3234 1032 3275 vs.
1057 3213 1151 3275 1041.
1192 3210 1350 3276 καὶτοῦτο

265 3330 351 3387 πλεῖν
374 3320 391 3396 ἢ
414 3318 518 3398 μυρίων
540 3316 601 3383 ἔστ’
624 3314 703 3394 άξιον
726 3317 883 3397 στατύρων.

559 3523 644 3587 orat.
667 3492 736 3587 vir
760 3524 777 3606 o
802 3526 853 3586 aa.
876 3545 906 3608 p.
929 3523 1009 3597 150,
1032 3520 1060 3583 a.

311 3731 374 3795 ε’πεί
397 3735 445 3795 νῦν
467 3752 505 3805 νε
526 3727 571 3800 τίς
594 3730 643 3792 ούκ
665 3725 702 3791 άν
724 3726 772 3790 ε’πὶ
790 3733 850 3798 τοῖς
865 3725 1044 3804 γιγνομένοις
1059 3729 1115 3790 τῶν
1130 3718 1163 3788 εύ
1176 3722 1351 3806 φρονούντων

267 3836 442 3913 άλχύσειεν,
465 3830 536 3898 ύταν
558 3828 607 3914 ίδη
628 3830 753 3903 πολλοὺς
775 3833 832 3894 τῶν
854 3834 979 3894 πολιτῶν
999 3827 1231 3909 -χορεύοντας
1253 3826 1307 3905 μὲν
1322 3827 1352 3891 ἕν

266 3947 384 4020 χρυσοῖς
407 3936 550 4017 ἱματίοις,
573 3932 773 4016 χειμάζοντας
796 3932 820 3996 δ’
831 3933 861 3997 ἐν
879 3932 1030 4009 τοιούτοις,
1046 3932 1080 3996 ἕν
1094 3926 1143 4005 οἷς
1158 3933 1189 3997 ού
1204 3931 1352 4010 βούλομαι

267 4041 379 4119 λέγειν,
402 4042 463 4108 κτὲ.

313 4146 431 4231 Nempe
447 4144 640 4209 ¹vestimenta
670 4139 783 4226 quibus
814 4138 917 4204 induti
946 4138 1055 4204 choros
1085 4136 1241 4225 agitabant
1262 4117 1361 4218 τουτου
1403 4089 1409 4120 '⁵

267 4253 375 4326 vocat,
404 4250 438 4312 in
467 4247 579 4332 quibus
609 4244 808 4311 hibernabant
837 4244 945 4329 quatio
975 4243 1039 4309 sint
1061 4242 1160 4328 dicere
1188 4258 1251 4303 non
1327 4315 1334 4338 -.

268 4350 477 4437 Corruptelam
500 4352 596 4439 igitur
619 4348 762 4415 tollamus
786 4346 947 4427 scribendo
969 4342 1049 4416 οἵοις
1071 4364 1126 4428 pro
1148 4342 1183 4405 ἐν
1204 4334 1271 4419 οῖς,
1315 4411 1322 4430 ,Ι

267 4457 329 4523 leto
351 4454 494 4527 τοιούτοις.
1314 4467 1322 4476 ·

1500 2122 1519 2155 0
