3609 5450
818 499 995 561 ..55-

367 679 481 764 positio
512 680 615 745 locum
644 680 787 747 habuisse
815 682 961 772 sciebam,
983 686 1019 747 ut
1043 682 1142 746 videre
1164 682 1238 745 licet
1260 683 1293 745 in
1316 681 1456 746 observa·

367 783 452 846 tione
482 787 586 847 nostra
615 785 653 848 ad
679 784 732 851 lib.
765 789 793 848 3.
824 809 886 872 cap.
911 790 961 850 25.
1006 785 1087 850 Satis
1116 789 1189 849 nota
1218 783 1453 850 describentium

367 885 571 972 negligentia,
601 890 654 973 qui
678 889 725 954 vel
747 891 890 974 quaedam
915 889 1061 954 vocabula
1083 912 1099 952 e
1121 890 1257 975 margine
1277 889 1310 952 in
1333 893 1452 953 textum

366 991 580 1071 transferrent,
610 997 646 1057 11
677 1015 739 1080 cap.
771 999 812 1058 12
842 996 947 1072 111111,
971 993 1019 1058 vel
1042 998 1141 1079 aperte
1164 995 1355 1070 omitterent,
1378 1014 1455 1077 quae

368 1093 529 1157 desiderari
551 1117 613 1159 non
637 1101 792 1182 poterant,
813 1103 849 1162 ut
871 1097 924 1163 lib.
949 1101 977 1161 3.
990 1120 1015 1161 c.
1028 1102 1068 1159 22
1089 1096 1188 1161 medio
1207 1094 1301 1159 etlib.
1315 1099 1344 1158 3.
1358 1119 1382 1159 c.
1397 1099 1461 1160 50⁷

367 1218 428 1280 quo
458 1197 526 1262 loco
554 1199 641 1285 plura
659 1203 754 1266 1111111
776 1202 878 1268 abesse
899 1203 1008 1266 merito
1032 1206 1133 1265 censet
1156 1199 1194 1263 cl.
1217 1198 1454 1284 Oudendorpius

369 1300 497 1366 111111.
1057 1382 1059 1390 Ι
1104 1360 1112 1373 .

410 1403 444 1490 11
473 1427 529 1490 pro
560 1414 611 1484 ut,
642 1407 709 1471 dedi
738 1431 776 1472 cx
800 1407 923 1472 Heinsii
947 1408 1130 1491 conjectura.
1175 1407 1329 1470 Posterior
1352 1409 1452 1470 autem

366 1507 419 1570 1111
441 1510 558 1593 periodi
581 1533 649 1595 pars
672 1533 689 1574 a
711 1514 896 1575 centuriones
919 1512 956 1575 ad
979 1511 1167 1592 econicbont
1184 1510 1385 1586 demonstrat,
1406 1511 1455 1573 ni-

365 1613 460 1676 mium
491 1614 586 1676 fuisse
609 1635 711 1678 eorum
734 1619 866 1692 metum,
888 1617 942 1698 qui
964 1615 1076 1678 milites
1100 1615 1138 1678 ad
1161 1613 1264 1677 hostes
1287 1613 1453 1699 transfugi-

365 1721 450 1781 turos
481 1717 694 1800 opinarentur,
723 1740 816 1801 quum
846 1719 955 1787 timore
978 1719 1127 1782 occaecati
1150 1716 1341 1801 loquentium
1364 1716 1454 1780 verba

364 1820 398 1882 in
420 1818 528 1883 malam
551 1823 664 1904 partem
688 1823 867 1905 exciperent.
901 1822 998 1886 Erant
1020 1843 1155 1905 qnoque,
1179 1821 1232 1903 qui
1259 1842 1295 1883 ex
1319 1820 1451 1885 militum

363 1922 480 1986 invidia
503 1922 562 1987 sibi
584 1922 703 1987 laudem
726 1924 763 1988 ab
785 1925 963 2010 imperatore
985 1928 1168 2009 quaererent.
1260 1946 1263 1955 ·

410 2027 462 2090 Sic
485 2049 588 2091 omnes
612 2029 758 2091 orationis
780 2033 878 2113 partes
900 2029 1046 2112 quadrare
1068 2028 1143 2092 mihi
1166 2029 1310 2092 uidentur
1332 2027 1371 2090 ad
1389 2028 1452 2091 ini-

363 2130 443 2193 tium
475 2131 601 2216 capitis,
632 2154 692 2214 quo
722 2133 814 2197 timor
844 2133 985 2197 omnibus
1018 2134 1179 2197 incessisse
1214 2130 1391 2195 narrabatur
1413 2153 1450 2195 ex

363 2234 456 2297 variis
486 2232 643 2299 hominum
658 2282 660 2287 .
674 2235 870 2320 opinionibus
901 2236 1165 2320 sermonibusque,
1194 2258 1271 2320 quae
1301 2257 1318 2298 a
1345 2235 1453 2319 paucis

361 2337 496 2422 profecta
519 2338 620 2424 plures
643 2342 782 2404 auctores
802 2338 911 2404 habere
929 2340 1126 2415 videbantur,
1142 2340 1223 2424 quod
1240 2340 1453 2423 unusquisque

362 2441 411 2504 sui
434 2426 560 2525 aliquid
569 2443 690 2507 timoris
713 2441 849 2507 addebat.

405 2546 515 2629 Itaque
536 2550 622 2610 totus
646 2547 731 2612 locus
754 2569 791 2611 ex
813 2570 878 2612 mea
900 2547 1055 2612 sententia.
1071 2547 1116 2610 sic
1139 2569 1171 2610 se
1193 2545 1315 2611 habuit:

405 2651 529 2712 “Ciuile
551 2650 678 2716 bettnrn:
697 2673 792 2734 penns
813 2654 980 2729 boninum,
998 2653 1049 2715 cui
1063 2652 1171 2714 -ticeret
1190 2652 1280 2714 tibere
1291 2653 1404 2737 fucere
1418 2630 1449 2712 it

361 2754 462 2835 sequi,
477 2754 556 2835 qnod
576 2755 685 2817 cettei:
711 2755 840 2836 tepiones
862 2778 927 2832 oue,
945 2778 1023 2839 quoe
1034 2755 1145 2835 pontio
1164 2761 1235 2817 unte
1250 2755 1448 2835 1111111111-

361 2854 459 2916 sorios
470 2857 624 2936 fuerunt5
648 2877 719 2917 norn
737 2857 828 2920 etium
851 2859 991 2920 Caesaris
1009 2858 1182 2940 beneficium
1200 2851 1369 2919 mutauerat
1381 2876 1450 2916 con·

361 2959 503 3037 scretudo,
525 2980 585 3042 qnu
608 2959 795 3039 conferretur
816 2961 850 3023 in
871 2961 1040 3043 municipio
1059 2960 1150 3022 etiarn
1166 2960 1295 3023 diuersis
1305 2958 1452 3041 portibus

361 3064 537 3147 conjunctas
565 3084 692 3147 nomque
720 3086 756 3126 cc
784 3063 903 3126 Marsis
933 3063 1133 3147 Petipnisqne
1154 3062 1311 3126 ueniebant
1332 3063 1373 3139 ii,
1395 3063 1449 3145 qui

359 3168 511 3247 superiore
532 3173 617 3230 nocte
633 3168 850 3249 peffuperont;
872 3168 1114 3250 centurionesque
1135 3165 1276 3229 nonnulli
1294 3165 1452 3247 proniores

358 3292 505 3335 sermones
531 3272 666 3335 nit'tnrn
696 3272 730 3333 in
756 3271 959 3335 contuberniis
988 3270 1077 3352 uutpo
1106 3271 1213 3333 diarius
1243 3269 1449 3349 accipiebant:

358 3374 506 3435 nonnette
533 3375 624 3438 etiarn
647 3374 683 3437 cb
706 3375 761 3453 iis,
784 3376 836 3459 qui
866 3375 1073 3458 ditipentiorcs
1094 3374 1192 3438 nidni
1213 3371 1448 3457 1111111121-

357 3472 529 3558 pebuntnr.''
610 3513 613 3518 -
892 3461 909 3512 '-

821 3728 933 3794 Liber
956 3734 985 3793 3.

404 3985 476 4072 Cap.
507 3991 536 4052 8.
581 3986 719 4071 ·“Neque
753 3984 851 4050 ultum
889 3985 1016 4050 iuberem
1046 3992 1101 4049 cut
1130 4008 1237 4049 munus
1263 3987 1445 4070 despiciens,

360 4113 453 4174 neque
475 4078 639 4155 subsidium
660 4096 849 4174 suspectans,
871 4090 900 4153 si
922 4093 957 4155 in
981 4092 1122 4154 Caesaris
1143 4091 1323 4173 comptonam
1343 4090 1446 4151 uenire

354 4192 485 4282 1111111.Ἡ

405 4298 541 4376 “Locus,
574 4298 675 4383 inquit
710 4298 747 4363 cl.
777 4298 923 4377 Vossius,
953 4305 983 4362 ct
1015 4300 1092 4363 otiis
1124 4305 1154 4362 ct
1183 4297 1259 4360 niti
1287 4298 1445 4375 corruptus
1555 4349 1557 4354 .

360 4405 491 4488 adeoque
512 4398 712 4482 desperatus.''

405 4508 613 4573 Tentaverunt
640 4509 741 4571 tamen
772 4505 830 4572 viri
853 4505 954 4584 docti,
975 4505 1051 4590 quid
1073 4503 1212 4571 remediis
1234 4504 1358 4590 possent
1379 4501 1446 4578 οὓς
1496 4551 1511 4590 Ι.
