3609 5450
816 483 993 542 *46—

400 667 451 729 Ita
470 664 566 729 edidit
586 663 808 750 Nipperde'ius,
828 667 970 751 opinatus
989 663 1172 728 “sustinere''
1191 663 1346 731 recte'eos
1366 667 1454 748 dici,

358 772 410 852 qui
445 769 577 834 hostium
601 769 748 855 impetum
770 771 944 854 excipiuut3
968 771 1148 853 interrumpi
1171 792 1241 834 vero
1263 792 1371 856 agmen
1395 795 1454 857 pe-

359 874 457 938 ditum
482 872 518 936 ab
541 871 696 957 equitibus
718 894 779 935 non
803 873 948 957 potuisse.

401 979 477 1040 Rem
497 978 607 1063 partim
627 977 757 1065 expedit
769 976 956 1061 Herzogius:
980 997 1034 1059 pro
1053 965 1236 1038 “sustinere''
1256 978 1354 1041 suasit
1377 984 1453 1042 “ca-

357 1079 482 1143 stinerd'
516 1080 617 1144 eadem
640 1080 879 1165 significatione,
909 1101 968 1162 qua
1001 1080 1168 1155 retardari,
1190 1080 1347 1163 impediti,
1370 1103 1454 1166 quae

356 1184 478 1267 quidem
510 1183 631 1247 dicendi
660 1185 738 1247 ratio
769 1206 786 1246 a
816 1183 888 1248 stilo
920 1181 1098 1245 Caesariano
1129 1204 1192 1246 non
1222 1189 1300 1248 esset
1330 1183 1452 1264 aliena,

358 1289 430 1371 (vid.
462 1288 500 1351 V.
525 1287 570 1350 Ol.
601 1286 637 1349 ad
666 1285 695 1350 h.
717 1287 738 1350 l.
762 1289 799 1351 cf.
823 1287 858 1350 B.
882 1286 918 1350 G.
941 1290 970 1351 1.
994 1287 1050 1371 67)
1083 1287 1110 1350 si
1140 1286 1264 1350 verbum
1295 1289 1453 1353 sustinere

355 1389 411 1454 hac
442 1391 664 1478 significatione
693 1391 727 1452 in
757 1390 982 1455 commentariis
1012 1389 1215 1470 inveniretur;
1246 1412 1351 1455 verum
1375 1394 1450 1456 sub-

355 1495 476 1570 sistere,
510 1492 591 1576 quod
621 1491 765 1556 nonnulli
788 1494 908 1558 codices
939 1492 1067 1571 habent,
1088 1516 1105 1556 a
1128 1494 1253 1558 Caesare
1279 1501 1453 1581 usurpatur

355 1599 389 1660 in
419 1619 451 1660 re
481 1596 583 1660 simili.
613 1596 649 1659 B.
673 1596 708 1660 Ο.
732 1600 760 1659 1.
784 1600 837 1660 79.
862 1619 1043 1682 quamquam
1074 1600 1105 1661 et
1135 1597 1179 1661 ibi
1208 1601 1283 1663 Aut.
1311 1598 1393 1663 Ede.
1420 1606 1452 1666 et

355 1701 460 1764 Codex
482 1723 561 1764 unus
584 1698 696 1762 habeut
719 1698 909 1763 “sustinere''
945 1701 1102 1778 Ceterum,
1124 1701 1179 1784 qui
1201 1700 1239 1764 ab
1262 1701 1452 1768 Oudendor-

354 1805 404 1889 pio
429 1805 466 1866 ad
489 1803 708 1867 defendendum
728 1802 852 1867 verbum
875 1800 1058 1866 “sustinere''
1081 1805 1246 1868 afferuntur
1265 1803 1344 1881 loci,
1367 1807 1453 1872 nihil

353 1908 498 1992 probant,
520 1908 582 1971 nisi
609 1907 762 1970 sustinere
779 1907 869 1970 etiam
892 1907 958 1970 sine
980 1908 1158 1991 pronomine
1180 1909 1322 1972 reflexivo
1345 1912 1450 1997 signi-

355 2012 444 2075 ficare
458 2012 599 2094 impetum
618 2011 855 2094 dostiomferre.
889 2012 935 2074 At
956 2008 1030 2087 hoc,
1053 2013 1111 2074 etsi
1134 2032 1238 2075 verum
1257 2017 1319 2091 est,
1341 2012 1451 2080 locum

353 2139 415 2179 non
445 2120 546 2193 sanat3
577 2114 678 2200 agitur
701 2115 781 2178 enim
808 2114 844 2177 de
867 2114 1084 2197 conjunctione
1108 2114 1268 2178 verborum
1292 2119 1451 2184 sustinere

353 2224 384 2282 et
413 2218 608 2300 interrumpi,
640 2239 770 2300 quorum
801 2216 859 2280 hoc
883 2217 1031 2302 passivam
1055 2215 1145 2280 habet
1168 2223 1199 2280 et
1222 2218 1317 2282 eladis
1341 2220 1452 2288 illatae

354 2323 625 2407 significationem,
652 2319 746 2396 illud,
780 2321 806 2381 si
838 2342 907 2383 cum
938 2320 1127 2404 Nipperdei'o
1159 2320 1281 2396 feceris,
1312 2326 1453 2391 activam

353 2430 384 2488 et
415 2425 509 2488 eladis
536 2422 687 2507 repulsae:
720 2426 884 2505 utrumque
919 2428 1018 2484 eutem
1049 2422 1214 2506 opponitur
1245 2427 1451 2506 sequentibus

352 2531 459 2610 “sipna
477 2523 612 2610 inferre''
632 2530 662 2588 et
686 2522 906 2608 ‘propellens'
929 2524 1012 2588 unde
1034 2528 1132 2609 patet,
1155 2524 1240 2608 prius
1259 2527 1452 2596 vocabulum

352 2654 417 2695 esse
446 2620 635 2694 mutandum
680 2629 782 2700 Quare
811 2628 858 2692 vel
894 2649 964 2692 cum
998 2628 1130 2712 Herzog.
1153 2627 1234 2713 legas
1261 2630 1451 2697 “sustineat''

353 2736 401 2802 vel
430 2735 590 2799 nobiseum
623 2731 833 2810 “subsistam''
855 2734 939 2817 quod
954 2725 1016 2797 ¹cin
1038 2731 1075 2795 ab
1099 2732 1317 2819 Oudendorpio
1340 2736 1452 2821 glossa

351 2842 512 2919 habeatur,
534 2861 596 2902 non
619 2859 760 2922 assequor
776 2838 813 2923 1).
859 2838 909 2901 De
931 2833 1094 2919 “irrumff
1118 2837 1209 2900 etiam
1231 2836 1343 2916 habeo,
1366 2862 1451 2924 quae

352 2948 459 3009 dicam.
503 2943 631 3009 Rationi
666 2943 761 3020 enim,
793 2964 870 3026 quae
900 2944 1025 3005 affertur
1055 2940 1209 3005 'calculum
1232 2941 1362 3025 adjicere
1387 2944 1450 3009 du·

352 3050 426 3115 bito.
473 3050 553 3113 Nam
585 3030 701 3131 equites
726 3047 786 3132 ipsi
810 3068 826 3109 a
850 3045 888 3109 V.
913 3045 959 3109 Ol.
983 3046 1160 3109 dissensisse
1181 3045 1257 3108 mihi
1281 3046 1449 3128 videntur,

353 3147 446 3237 quum
469 3161 598 3232 “mapne
620 3150 818 3211 multitudine
848 3149 1034 3229 circumfuso
1056 3148 1167 3208 morari
1190 3155 1281 3230 atque
1303 3149 1365 3211 iter
1387 3152 1449 3213 im·

347 3257 454 3340 pertire
477 3250 650 3335 coeperiot''
679 3253 751 3336 (vid.
772 3273 835 3335 cap.
858 3254 899 3313 63
924 3252 1011 3332 extr.)
1058 3249 1121 3318 Qui
1150 3251 1448 3319 circumfunduntur

354 3384 371 3423 a
395 3359 488 3422 latere
515 3360 617 3441 aperto
644 3354 746 3418 hostes
773 3354 914 3416 invadere
934 3354 1070 3439 potuisse
1089 3375 1142 3437 per
1175 3376 1207 3418 se
1228 3358 1329 3440 patet:
1359 3360 1447 3423 unde

354 3464 406 3540 fit,
438 3465 475 3524 ut
510 3458 639 3524 subinde
671 3479 739 3544 pars
771 3456 921 3535 militum,
944 3462 1050 3520 contra
1071 3455 1189 3520 hostem
1220 3480 1252 3522 se
1282 3460 1447 3527 defendere

354 3566 471 3641 conati,
505 3587 522 3628 a
555 3563 695 3646 reliquis,
728 3563 781 3647 qui
815 3563 874 3626 iter
907 3562 1005 3627 faeere
1035 3567 1180 3649 pergant,
1210 3568 1390 3648 separentur
1414 3571 1447 3631 et

354 3669 530 3733 subsistant.

397 3773 484 3843 Quae
506 3777 674 3858 sequuntur
697 3774 817 3835 nostrae
840 3770 978 3855 opinioni
1000 3791 1090 3853 quam
1106 3770 1235 3833 maxime
1250 3770 1371 3851 favent3
1389 3776 1446 3859 qui

353 3877 433 3942 enim
463 3878 548 3962 prius
577 3876 793 3954 substiterant,
815 3874 888 3939 alias
913 3876 1000 3960 signa
1027 3874 1179 3951 inferunt,
1202 3874 1314 3959 quique
1337 3878 1446 3963 paullo

354 3986 423 4045 ante
451 3982 622 4066 interrupto
652 3982 773 4066 agmine
795 4002 812 4042 a
834 3979 960 4063 reliquis
987 3980 1116 4063 separati
1138 3979 1333 4065 pugnabant,
1355 4004 1445 4049 nunc

353 4108 422 4151 cum
452 4084 577 4169 reliquis
609 4085 765 4168 conjuncti
788 4084 997 4149 universarum
1020 4080 1193 4147 cohortium
1215 4085 1331 4169 impetu
1351 4088 1442 4169 cqui-

352 4195 397 4255 tes
420 4188 602 4277 propellunt.

398 4294 551 4365 Quodirea
575 4292 715 4356 codicum
739 4292 918 4377 scripturam
942 4292 1071 4355 retinere
1094 4290 1192 4369 malo,
1215 4289 1359 4357 dubitans
1384 4297 1446 4361 eti·

387 4537 411 4596 1)
428 4536 484 4589 vid.
501 4538 566 4590 Caes.
584 4536 613 4590 B.
631 4535 661 4589 G.
679 4536 704 4587 1.
721 4535 761 4587 15.
789 4534 917 4585 “Helvetii
934 4533 1049 4586 audeam
1065 4535 1213 4586 subsidere?
