<?xml version="1.0" encoding="UTF-8"?>
<!DOCTYPE html PUBLIC "-//W3C//DTD XHTML 1.0 Transitional//EN"
    "http://www.w3.org/TR/xhtml1/DTD/xhtml1-transitional.dtd">
<html xmlns="http://www.w3.org/1999/xhtml" xml:lang="en" lang="en">
 <head>
  <title>
</title>
<meta http-equiv="Content-Type" content="text/html;charset=utf-8" />
  <meta name='ocr-system' content='tesseract 3.04.00' />
  <meta name='ocr-capabilities' content='ocr_page ocr_carea ocr_par ocr_line ocrx_word'/>
</head>
<body>
  <div class='ocr_page' id='page_1' title='image "./miscellaneaphil00gymngoog_0028.png"; bbox 0 0 3609 5450; ppageno 0'>
   <div class='ocr_carea' id='block_1_1' title="bbox 863 470 1082 538">
    <p class='ocr_par' dir='ltr' id='par_1_1' title="bbox 863 470 1082 538">
     <span class='ocr_line' id='line_1_1' title="bbox 863 470 1082 538; baseline -0.009 1"><span class='ocrx_word' id='word_1_1' title='bbox 863 470 1082 538; x_wconf 73' lang='lat' dir='ltr'>&#39;——2a-</span> 
     </span>
    </p>
   </div>
   <div class='ocr_carea' id='block_1_2' title="bbox 459 655 1553 946">
    <p class='ocr_par' dir='ltr' id='par_1_2' title="bbox 459 655 1553 946">
     <span class='ocr_line' id='line_1_2' title="bbox 459 655 1549 741; baseline -0.003 -17"><span class='ocrx_word' id='word_1_2' title='bbox 459 661 492 724; x_wconf 90' lang='lat' dir='ltr'><em>in</em></span> <span class='ocrx_word' id='word_1_3' title='bbox 525 682 548 724; x_wconf 87' lang='lat' dir='ltr'><em>c.</em></span> <span class='ocrx_word' id='word_1_4' title='bbox 581 659 657 724; x_wconf 91' lang='lat' dir='ltr'>XII.</span> <span class='ocrx_word' id='word_1_5' title='bbox 687 657 797 738; x_wconf 83' lang='grc' dir='ltr'><em>χαίρων</em></span> <span class='ocrx_word' id='word_1_6' title='bbox 826 657 948 741; x_wconf 85' lang='grc' dir='ltr'><em>φράζει,</em></span> <span class='ocrx_word' id='word_1_7' title='bbox 979 663 1015 732; x_wconf 77' lang='grc' dir='ltr'><em>ὡς</em></span> <span class='ocrx_word' id='word_1_8' title='bbox 1051 661 1138 732; x_wconf 82' lang='grc' dir='ltr'><em>αύτδς</em></span> <span class='ocrx_word' id='word_1_9' title='bbox 1172 655 1225 724; x_wconf 87' lang='grc' dir='ltr'><em>ίδοι</em></span> <span class='ocrx_word' id='word_1_10' title='bbox 1260 658 1415 734; x_wconf 77' lang='grc' dir='ltr'><em>τεθννιιθτα</em></span> <span class='ocrx_word' id='word_1_11' title='bbox 1444 663 1549 738; x_wconf 82' lang='grc' dir='ltr'><em>Κῦρον.</em></span> 
     </span>
     <span class='ocr_line' id='line_1_3' title="bbox 460 757 1553 843; baseline -0.003 -14"><span class='ocrx_word' id='word_1_12' title='bbox 460 763 551 829; x_wconf 88' lang='lat' dir='ltr'>XIV.</span> <span class='ocrx_word' id='word_1_13' title='bbox 574 760 735 839; x_wconf 74' lang='grc' dir='ltr'><em>ἠχανάκτει</em></span> <span class='ocrx_word' id='word_1_14' title='bbox 758 762 971 843; x_wconf 80' lang='grc' dir='ltr'><em>μαρτυρόμενος</em></span> <span class='ocrx_word' id='word_1_15' title='bbox 994 764 1043 827; x_wconf 82' lang='grc' dir='ltr'><em>καί</em></span> <span class='ocrx_word' id='word_1_16' title='bbox 1067 763 1141 841; x_wconf 74' lang='grc' dir='ltr'><em>βοῶν</em></span> <span class='ocrx_word' id='word_1_17' title='bbox 1164 759 1207 827; x_wconf 83' lang='grc' dir='ltr'><em>ίτι</em></span> <span class='ocrx_word' id='word_1_18' title='bbox 1230 767 1317 843; x_wconf 79' lang='grc' dir='ltr'><em>Κῦρον</em></span> <span class='ocrx_word' id='word_1_19' title='bbox 1332 761 1421 833; x_wconf 74' lang='grc' dir='ltr'><em>οὐδεὶς</em></span> <span class='ocrx_word' id='word_1_20' title='bbox 1436 757 1553 841; x_wconf 84' lang='grc' dir='ltr'><em>έτερος,</em></span> 
     </span>
     <span class='ocr_line' id='line_1_4' title="bbox 462 866 1418 946; baseline -0.003 -14"><span class='ocrx_word' id='word_1_21' title='bbox 462 869 534 932; x_wconf 84' lang='grc' dir='ltr'><em>ἀλλ’</em></span> <span class='ocrx_word' id='word_1_22' title='bbox 559 866 647 938; x_wconf 79' lang='grc' dir='ltr'><em>αὐτὸς</em></span> <span class='ocrx_word' id='word_1_23' title='bbox 670 866 820 931; x_wconf 70' lang='grc' dir='ltr'><em>ἀπεκτόνοι</em></span> <span class='ocrx_word' id='word_1_24' title='bbox 843 866 892 930; x_wconf 82' lang='grc' dir='ltr'><em>καί</em></span> <span class='ocrx_word' id='word_1_25' title='bbox 916 868 968 941; x_wconf 69' lang='grc' dir='ltr'><em>τίον</em></span> <span class='ocrx_word' id='word_1_26' title='bbox 991 866 1076 942; x_wconf 77' lang='grc' dir='ltr'><em>δύξαν</em></span> <span class='ocrx_word' id='word_1_27' title='bbox 1099 867 1202 940; x_wconf 82' lang='grc' dir='ltr'><em>ἀδίκως</em></span> <span class='ocrx_word' id='word_1_28' title='bbox 1225 868 1418 946; x_wconf 74' lang='grc' dir='ltr'><em>ἀποστεροῖτο.</em></span> 
     </span>
    </p>
   </div>
   <div class='ocr_carea' id='block_1_3' title="bbox 890 1072 1107 1138">
    <p class='ocr_par' dir='ltr' id='par_1_3' title="bbox 890 1072 1107 1138">
     <span class='ocr_line' id='line_1_5' title="bbox 890 1072 1107 1138; baseline 0 -2"><span class='ocrx_word' id='word_1_29' title='bbox 890 1095 915 1136; x_wconf 93' lang='lat' dir='ltr'><em>c.</em></span> <span class='ocrx_word' id='word_1_30' title='bbox 938 1073 988 1136; x_wconf 87' lang='lat' dir='ltr'><em>IV</em></span> <span class='ocrx_word' id='word_1_31' title='bbox 1011 1072 1031 1138; x_wconf 88' lang='lat' dir='ltr'>l</span> <span class='ocrx_word' id='word_1_32' title='bbox 1057 1077 1107 1136; x_wconf 87' lang='lat'><em>16.</em></span> 
     </span>
    </p>
   </div>
   <div class='ocr_carea' id='block_1_4' title="bbox 462 1275 1625 2808">
    <p class='ocr_par' dir='ltr' id='par_1_4' title="bbox 462 1275 1556 1566">
     <span class='ocr_line' id='line_1_6' title="bbox 505 1275 1556 1358; baseline -0.006 -14"><span class='ocrx_word' id='word_1_33' title='bbox 505 1282 556 1344; x_wconf 87' lang='grc' dir='ltr'><em>Ἐν</em></span> <span class='ocrx_word' id='word_1_34' title='bbox 577 1282 657 1358; x_wconf 74' lang='grc' dir='ltr'><em>ἀρχῇ</em></span> <span class='ocrx_word' id='word_1_35' title='bbox 681 1278 781 1341; x_wconf 76' lang='grc' dir='ltr'><em>δὲκαὶ</em></span> <span class='ocrx_word' id='word_1_36' title='bbox 806 1277 883 1342; x_wconf 90' lang='grc' dir='ltr'><em>πάνυ</em></span> <span class='ocrx_word' id='word_1_37' title='bbox 907 1278 1008 1358; x_wconf 74' lang='grc' dir='ltr'><em>ζηλοῦν</em></span> <span class='ocrx_word' id='word_1_38' title='bbox 1031 1277 1108 1354; x_wconf 78' lang='grc' dir='ltr'><em>ἔδοξε</em></span> <span class='ocrx_word' id='word_1_39' title='bbox 1131 1279 1182 1352; x_wconf 69' lang='grc' dir='ltr'><em>τίον</em></span> <span class='ocrx_word' id='word_1_40' title='bbox 1201 1275 1383 1358; x_wconf 74' lang='grc' dir='ltr'><em>Ἀρτοξέρξου</em></span> <span class='ocrx_word' id='word_1_41' title='bbox 1402 1281 1453 1340; x_wconf 82' lang='grc' dir='ltr'><em>τοῦ</em></span> <span class='ocrx_word' id='word_1_42' title='bbox 1474 1276 1556 1354; x_wconf 81' lang='grc' dir='ltr'><em>ὁμω-</em></span> 
     </span>
     <span class='ocr_line' id='line_1_7' title="bbox 463 1378 1555 1463; baseline -0.004 -17"><span class='ocrx_word' id='word_1_43' title='bbox 463 1382 551 1460; x_wconf 78' lang='grc' dir='ltr'><em>νύμου</em></span> <span class='ocrx_word' id='word_1_44' title='bbox 575 1382 738 1463; x_wconf 46' lang='grc' dir='ltr'><em>Ἱπρριίτνρτα</em></span> <span class='ocrx_word' id='word_1_45' title='bbox 776 1380 841 1456; x_wconf 76' lang='grc' dir='ltr'><em>ἡδίιο</em></span> <span class='ocrx_word' id='word_1_46' title='bbox 873 1407 908 1446; x_wconf 87' lang='grc' dir='ltr'><em>τε</em></span> <span class='ocrx_word' id='word_1_47' title='bbox 937 1382 1038 1447; x_wconf 81' lang='grc' dir='ltr'><em>ἑαυτὸν</em></span> <span class='ocrx_word' id='word_1_48' title='bbox 1068 1383 1205 1463; x_wconf 82' lang='grc' dir='ltr'><em>παρέχον</em></span> <span class='ocrx_word' id='word_1_49' title='bbox 1235 1380 1468 1460; x_wconf 70' lang='grc' dir='ltr'><em>ἐντυγχάνεσθαι</em></span> <span class='ocrx_word' id='word_1_50' title='bbox 1500 1378 1555 1442; x_wconf 78' lang='grc' dir='ltr'><em>καί</em></span> 
     </span>
     <span class='ocr_line' id='line_1_8' title="bbox 462 1483 1446 1566; baseline -0.005 -17"><span class='ocrx_word' id='word_1_51' title='bbox 462 1485 526 1566; x_wconf 74' lang='grc' dir='ltr'><em>περὶ</em></span> <span class='ocrx_word' id='word_1_52' title='bbox 548 1486 582 1549; x_wconf 83' lang='grc' dir='ltr'><em>τὸ</em></span> <span class='ocrx_word' id='word_1_53' title='bbox 604 1489 696 1561; x_wconf 79' lang='grc' dir='ltr'><em>τιαάν</em></span> <span class='ocrx_word' id='word_1_54' title='bbox 719 1483 768 1547; x_wconf 80' lang='grc' dir='ltr'><em>καί</em></span> <span class='ocrx_word' id='word_1_55' title='bbox 791 1483 962 1565; x_wconf 84' lang='grc' dir='ltr'><em>χαρίζεσθαι</em></span> <span class='ocrx_word' id='word_1_56' title='bbox 985 1484 1018 1550; x_wconf 76' lang='grc' dir='ltr'><em>τὸ</em></span> <span class='ocrx_word' id='word_1_57' title='bbox 1041 1488 1109 1550; x_wconf 86' lang='grc' dir='ltr'><em>κατ’</em></span> <span class='ocrx_word' id='word_1_58' title='bbox 1131 1484 1218 1561; x_wconf 78' lang='grc' dir='ltr'><em>ἀξίαν</em></span> <span class='ocrx_word' id='word_1_59' title='bbox 1242 1483 1446 1564; x_wconf 76' lang='grc' dir='ltr'><em>ὑπερβάλλαν.</em></span> 
     </span>
    </p>

    <p class='ocr_par' dir='ltr' id='par_1_5' title="bbox 463 1586 1625 2808">
     <span class='ocr_line' id='line_1_9' title="bbox 507 1586 1556 1673; baseline -0.002 -21"><span class='ocrx_word' id='word_1_60' title='bbox 507 1589 737 1673; x_wconf 83' lang='lat' dir='ltr'>Comparativus</span> <span class='ocrx_word' id='word_1_61' title='bbox 770 1588 835 1663; x_wconf 74' lang='grc' dir='ltr'><em>ἡδίω</em></span> <span class='ocrx_word' id='word_1_62' title='bbox 869 1610 932 1651; x_wconf 89' lang='lat' dir='ltr'><em>non</em></span> <span class='ocrx_word' id='word_1_63' title='bbox 962 1591 1114 1653; x_wconf 86' lang='lat' dir='ltr'>convenit.</span> <span class='ocrx_word' id='word_1_64' title='bbox 1160 1590 1271 1652; x_wconf 87' lang='lat' dir='ltr'><strong>Omnes</strong></span> <span class='ocrx_word' id='word_1_65' title='bbox 1293 1590 1353 1652; x_wconf 85' lang='lat' dir='ltr'>fere</span> <span class='ocrx_word' id='word_1_66' title='bbox 1385 1586 1505 1649; x_wconf 88' lang='lat' dir='ltr'>codices</span> <span class='ocrx_word' id='word_1_67' title='bbox 1533 1588 1556 1650; x_wconf 84' lang='lat' dir='ltr'>S</span> 
     </span>
     <span class='ocr_line' id='line_1_10' title="bbox 463 1689 1625 1775; baseline -0.004 -19"><span class='ocrx_word' id='word_1_68' title='bbox 463 1693 489 1756; x_wconf 92' lang='lat' dir='ltr'>P</span> <span class='ocrx_word' id='word_1_69' title='bbox 512 1694 542 1755; x_wconf 82' lang='lat' dir='ltr'>A</span> <span class='ocrx_word' id='word_1_70' title='bbox 563 1692 590 1756; x_wconf 85' lang='grc' dir='ltr'>Β</span> <span class='ocrx_word' id='word_1_71' title='bbox 614 1692 639 1754; x_wconf 83' lang='grc' dir='ltr'>Ο</span> <span class='ocrx_word' id='word_1_72' title='bbox 664 1693 693 1754; x_wconf 94' lang='lat' dir='ltr'><strong>D</strong></span> <span class='ocrx_word' id='word_1_73' title='bbox 721 1692 783 1755; x_wconf 84' lang='lat' dir='ltr'><em>Gi</em></span> <span class='ocrx_word' id='word_1_74' title='bbox 808 1692 881 1757; x_wconf 80' lang='lat' dir='ltr'>dant</span> <span class='ocrx_word' id='word_1_75' title='bbox 904 1689 992 1767; x_wconf 71' lang='grc' dir='ltr'><em>ἥδιον,</em></span> <span class='ocrx_word' id='word_1_76' title='bbox 1017 1694 1099 1775; x_wconf 90' lang='lat' dir='ltr'>quod</span> <span class='ocrx_word' id='word_1_77' title='bbox 1121 1694 1327 1775; x_wconf 87' lang='lat' dir='ltr'>quumetiam</span> <span class='ocrx_word' id='word_1_78' title='bbox 1349 1692 1451 1755; x_wconf 88' lang='lat' dir='ltr'>minus</span> <span class='ocrx_word' id='word_1_79' title='bbox 1475 1711 1556 1772; x_wconf 86' lang='lat' dir='ltr'>qua·</span> <span class='ocrx_word' id='word_1_80' title='bbox 1624 1755 1625 1760; x_wconf 53' lang='grc'>,</span> 
     </span>
     <span class='ocr_line' id='line_1_11' title="bbox 464 1793 1557 1881; baseline -0.002 -23"><span class='ocrx_word' id='word_1_81' title='bbox 464 1794 546 1874; x_wconf 81' lang='lat' dir='ltr'>(Iret,</span> <span class='ocrx_word' id='word_1_82' title='bbox 580 1796 704 1881; x_wconf 89' lang='lat' dir='ltr'>propius</span> <span class='ocrx_word' id='word_1_83' title='bbox 738 1799 839 1858; x_wconf 88' lang='lat' dir='ltr'>tamen</span> <span class='ocrx_word' id='word_1_84' title='bbox 870 1794 907 1858; x_wconf 87' lang='lat' dir='ltr'><em>ad</em></span> <span class='ocrx_word' id='word_1_85' title='bbox 937 1796 1066 1880; x_wconf 86' lang='lat' dir='ltr'>priscam</span> <span class='ocrx_word' id='word_1_86' title='bbox 1096 1797 1276 1881; x_wconf 74' lang='lat' dir='ltr'>scripturam</span> <span class='ocrx_word' id='word_1_87' title='bbox 1301 1795 1430 1858; x_wconf 78' lang='lat' dir='ltr'>accedat.</span> <span class='ocrx_word' id='word_1_88' title='bbox 1478 1793 1557 1856; x_wconf 87' lang='lat' dir='ltr'><em>Una</em></span> 
     </span>
     <span class='ocr_line' id='line_1_12' title="bbox 464 1898 1556 1984; baseline -0.003 -23"><span class='ocrx_word' id='word_1_89' title='bbox 464 1899 545 1962; x_wconf 86' lang='lat' dir='ltr'>enim</span> <span class='ocrx_word' id='word_1_90' title='bbox 579 1899 682 1963; x_wconf 86' lang='lat' dir='ltr'>littera</span> <span class='ocrx_word' id='word_1_91' title='bbox 715 1903 832 1963; x_wconf 85' lang='lat' dir='ltr'>mutata</span> <span class='ocrx_word' id='word_1_92' title='bbox 865 1898 1000 1984; x_wconf 84' lang='lat' dir='ltr'>legamus</span> <span class='ocrx_word' id='word_1_93' title='bbox 1033 1901 1190 1972; x_wconf 84' lang='lat' dir='ltr'>&#39;HHION‚</span> <span class='ocrx_word' id='word_1_94' title='bbox 1223 1899 1304 1982; x_wconf 89' lang='lat' dir='ltr'>quod</span> <span class='ocrx_word' id='word_1_95' title='bbox 1335 1898 1457 1981; x_wconf 88' lang='lat' dir='ltr'>quidem</span> <span class='ocrx_word' id='word_1_96' title='bbox 1487 1918 1556 1959; x_wconf 89' lang='lat' dir='ltr'><em>non</em></span> 
     </span>
     <span class='ocr_line' id='line_1_13' title="bbox 466 1999 1559 2088; baseline -0.004 -22"><span class='ocrx_word' id='word_1_97' title='bbox 466 2007 569 2088; x_wconf 89' lang='lat' dir='ltr'>aptum</span> <span class='ocrx_word' id='word_1_98' title='bbox 602 2026 666 2067; x_wconf 87' lang='lat' dir='ltr'>esse</span> <span class='ocrx_word' id='word_1_99' title='bbox 695 2025 783 2067; x_wconf 91' lang='lat' dir='ltr'>nemo</span> <span class='ocrx_word' id='word_1_100' title='bbox 815 2008 921 2067; x_wconf 89' lang='lat' dir='ltr'>contra</span> <span class='ocrx_word' id='word_1_101' title='bbox 951 2002 1156 2081; x_wconf 84' lang='lat' dir='ltr'>contenderit,</span> <span class='ocrx_word' id='word_1_102' title='bbox 1187 2002 1330 2088; x_wconf 84' lang='lat' dir='ltr'>exemplis</span> <span class='ocrx_word' id='word_1_103' title='bbox 1368 1999 1559 2084; x_wconf 84' lang='lat' dir='ltr'>quibusdam</span> 
     </span>
     <span class='ocr_line' id='line_1_14' title="bbox 467 2104 1557 2192; baseline -0.005 -22"><span class='ocrx_word' id='word_1_104' title='bbox 467 2108 647 2192; x_wconf 76' lang='lat' dir='ltr'>propositiS‚</span> <span class='ocrx_word' id='word_1_105' title='bbox 677 2107 759 2171; x_wconf 89' lang='lat' dir='ltr'>uude</span> <span class='ocrx_word' id='word_1_106' title='bbox 789 2106 854 2190; x_wconf 84' lang='lat' dir='ltr'>ejus</span> <span class='ocrx_word' id='word_1_107' title='bbox 885 2104 969 2171; x_wconf 87' lang='lat' dir='ltr'>verbi</span> <span class='ocrx_word' id='word_1_108' title='bbox 1000 2129 1073 2169; x_wconf 89' lang='lat' dir='ltr'>usus</span> <span class='ocrx_word' id='word_1_109' title='bbox 1096 2106 1176 2191; x_wconf 85' lang='lat' dir='ltr'>apud</span> <span class='ocrx_word' id='word_1_110' title='bbox 1198 2104 1405 2170; x_wconf 83' lang='lat' dir='ltr'>Plutarchum·</span> <span class='ocrx_word' id='word_1_111' title='bbox 1420 2104 1557 2167; x_wconf 75' lang='lat' dir='ltr'>eluceat:</span> 
     </span>
     <span class='ocr_line' id='line_1_15' title="bbox 466 2207 1557 2294; baseline -0.002 -22"><span class='ocrx_word' id='word_1_112' title='bbox 466 2211 499 2272; x_wconf 91' lang='lat' dir='ltr'><em>in</em></span> <span class='ocrx_word' id='word_1_113' title='bbox 528 2212 583 2276; x_wconf 80' lang='lat' dir='ltr'><em>vit.</em></span> <span class='ocrx_word' id='word_1_114' title='bbox 613 2211 698 2275; x_wconf 87' lang='lat' dir='ltr'>Paul.</span> <span class='ocrx_word' id='word_1_115' title='bbox 721 2213 807 2275; x_wconf 88' lang='lat' dir='ltr'>Aem.</span> <span class='ocrx_word' id='word_1_116' title='bbox 832 2233 860 2294; x_wconf 86' lang='lat' dir='ltr'><em>p.</em></span> <span class='ocrx_word' id='word_1_117' title='bbox 884 2214 965 2288; x_wconf 80' lang='lat'><strong>276,</strong></span> <span class='ocrx_word' id='word_1_118' title='bbox 989 2209 1016 2274; x_wconf 90' lang='lat' dir='ltr'><em>b.</em></span> <span class='ocrx_word' id='word_1_119' title='bbox 1040 2210 1129 2285; x_wconf 76' lang='grc' dir='ltr'><em>ἀπίοις</em></span> <span class='ocrx_word' id='word_1_120' title='bbox 1160 2213 1234 2273; x_wconf 84' lang='grc' dir='ltr'><em>τοῖσι</em></span> <span class='ocrx_word' id='word_1_121' title='bbox 1265 2209 1314 2273; x_wconf 80' lang='grc' dir='ltr'><em>καί</em></span> <span class='ocrx_word' id='word_1_122' title='bbox 1343 2207 1557 2290; x_wconf 69' lang='grc' dir='ltr'><em>φιλανθρώπως</em></span> 
     </span>
     <span class='ocr_line' id='line_1_16' title="bbox 467 2310 1561 2397; baseline -0.004 -20"><span class='ocrx_word' id='word_1_123' title='bbox 467 2313 634 2388; x_wconf 74' lang='grc' dir='ltr'><em>ἀπνλλάνν</em></span> <span class='ocrx_word' id='word_1_124' title='bbox 664 2313 864 2394; x_wconf 69' lang='grc' dir='ltr'><em>χρυσοίροενοςς</em></span> <span class='ocrx_word' id='word_1_125' title='bbox 895 2312 967 2376; x_wconf 72' lang='lat' dir='ltr'>rab.</span> <span class='ocrx_word' id='word_1_126' title='bbox 998 2312 1080 2376; x_wconf 87' lang='lat' dir='ltr'>Max.</span> <span class='ocrx_word' id='word_1_127' title='bbox 1110 2336 1138 2397; x_wconf 90' lang='lat' dir='ltr'><em>p.</em></span> <span class='ocrx_word' id='word_1_128' title='bbox 1172 2317 1250 2388; x_wconf 86' lang='lat'>185,</span> <span class='ocrx_word' id='word_1_129' title='bbox 1280 2334 1304 2374; x_wconf 85' lang='lat' dir='ltr'><em>e.</em></span> <span class='ocrx_word' id='word_1_130' title='bbox 1334 2310 1375 2375; x_wconf 76' lang='grc' dir='ltr'><em>τίς</em></span> <span class='ocrx_word' id='word_1_131' title='bbox 1403 2311 1561 2386; x_wconf 75' lang='grc' dir='ltr'><em>κινήματα</em></span> 
     </span>
     <span class='ocr_line' id='line_1_17' title="bbox 467 2408 1562 2495; baseline -0.002 -16"><span class='ocrx_word' id='word_1_132' title='bbox 467 2421 523 2480; x_wconf 77' lang='grc' dir='ltr'><em>τῶν</em></span> <span class='ocrx_word' id='word_1_133' title='bbox 546 2416 717 2495; x_wconf 74' lang='grc' dir='ltr'><em>συρομάχιον</em></span> <span class='ocrx_word' id='word_1_134' title='bbox 740 2417 753 2479; x_wconf 83' lang='grc' dir='ltr'>ὁ</span> <span class='ocrx_word' id='word_1_135' title='bbox 776 2415 887 2492; x_wconf 78' lang='grc' dir='ltr'><em>Φάβιος</em></span> <span class='ocrx_word' id='word_1_136' title='bbox 910 2418 1026 2494; x_wconf 81' lang='grc' dir='ltr'><em>ροάλλον</em></span> <span class='ocrx_word' id='word_1_137' title='bbox 1049 2413 1116 2495; x_wconf 78' lang='grc' dir='ltr'><em>ᾤετο</em></span> <span class='ocrx_word' id='word_1_138' title='bbox 1141 2415 1197 2478; x_wconf 89' lang='grc' dir='ltr'><em>δεῖν</em></span> <span class='ocrx_word' id='word_1_139' title='bbox 1220 2414 1309 2489; x_wconf 78' lang='grc' dir='ltr'><em>ἠπίως</em></span> <span class='ocrx_word' id='word_1_140' title='bbox 1324 2415 1482 2488; x_wconf 79' lang='grc' dir='ltr'><em>ὁμιλοῦντα</em></span> <span class='ocrx_word' id='word_1_141' title='bbox 1503 2408 1562 2477; x_wconf 76' lang='grc' dir='ltr'><em>καί</em></span> 
     </span>
     <span class='ocr_line' id='line_1_18' title="bbox 468 2514 1556 2606; baseline -0.007 -20"><span class='ocrx_word' id='word_1_142' title='bbox 468 2523 566 2605; x_wconf 71' lang='grc' dir='ltr'><em>πρςίιος</em></span> <span class='ocrx_word' id='word_1_143' title='bbox 598 2520 755 2602; x_wconf 77' lang='grc' dir='ltr'><em>ἀνείργειν,</em></span> <span class='ocrx_word' id='word_1_144' title='bbox 788 2519 921 2583; x_wconf 87' lang='lat' dir='ltr'>Demetr.</span> <span class='ocrx_word' id='word_1_145' title='bbox 944 2541 972 2605; x_wconf 88' lang='lat' dir='ltr'><em>p.</em></span> <span class='ocrx_word' id='word_1_146' title='bbox 997 2521 1078 2594; x_wconf 88' lang='lat'>908,</span> <span class='ocrx_word' id='word_1_147' title='bbox 1101 2540 1126 2582; x_wconf 86' lang='lat' dir='ltr'><em>a.</em></span> <span class='ocrx_word' id='word_1_148' title='bbox 1149 2516 1240 2593; x_wconf 78' lang='grc' dir='ltr'><em>ἔδοξεν</em></span> <span class='ocrx_word' id='word_1_149' title='bbox 1260 2517 1349 2592; x_wconf 75' lang='grc' dir='ltr'><em>ἧπίιος</em></span> <span class='ocrx_word' id='word_1_150' title='bbox 1372 2514 1556 2606; x_wconf 70' lang='grc' dir='ltr'><em>κεχρῆσθαι,</em></span> 
     </span>
     <span class='ocr_line' id='line_1_19' title="bbox 467 2616 1558 2710; baseline -0.007 -22"><span class='ocrx_word' id='word_1_151' title='bbox 467 2625 502 2688; x_wconf 91' lang='lat' dir='ltr'><em>in</em></span> <span class='ocrx_word' id='word_1_152' title='bbox 534 2626 611 2710; x_wconf 90' lang='lat' dir='ltr'>Opp.</span> <span class='ocrx_word' id='word_1_153' title='bbox 641 2622 721 2687; x_wconf 85' lang='lat' dir='ltr'>Mor.</span> <span class='ocrx_word' id='word_1_154' title='bbox 751 2646 779 2708; x_wconf 91' lang='lat' dir='ltr'><em>p.</em></span> <span class='ocrx_word' id='word_1_155' title='bbox 804 2624 908 2699; x_wconf 87' lang='grc'><strong>1101,</strong></span> <span class='ocrx_word' id='word_1_156' title='bbox 932 2621 959 2687; x_wconf 60' lang='lat' dir='ltr'><em>d„</em></span> <span class='ocrx_word' id='word_1_157' title='bbox 983 2620 1103 2692; x_wconf 76' lang='grc' dir='ltr'><em>δεδιότες</em></span> <span class='ocrx_word' id='word_1_158' title='bbox 1125 2621 1184 2701; x_wconf 72' lang='grc' dir='ltr'><em>νάρ</em></span> <span class='ocrx_word' id='word_1_159' title='bbox 1208 2618 1301 2701; x_wconf 83' lang='grc' dir='ltr'><em>ύσπερ</em></span> <span class='ocrx_word' id='word_1_160' title='bbox 1324 2616 1457 2699; x_wconf 88' lang='grc' dir='ltr'><em>ἀρχοντα</em></span> <span class='ocrx_word' id='word_1_161' title='bbox 1478 2641 1558 2697; x_wconf 75' lang='grc' dir='ltr'><em>χρη-</em></span> 
     </span>
     <span class='ocr_line' id='line_1_20' title="bbox 467 2723 1005 2808; baseline -0.011 -13"><span class='ocrx_word' id='word_1_162' title='bbox 467 2737 547 2801; x_wconf 89' lang='grc' dir='ltr'><em>στοῖς</em></span> <span class='ocrx_word' id='word_1_163' title='bbox 571 2727 651 2802; x_wconf 73' lang='grc' dir='ltr'><em>ἤπιον</em></span> <span class='ocrx_word' id='word_1_164' title='bbox 673 2727 794 2806; x_wconf 77' lang='grc' dir='ltr'><em>ἀπεχθῆ</em></span> <span class='ocrx_word' id='word_1_165' title='bbox 817 2726 846 2789; x_wconf 78' lang='grc' dir='ltr'><em>δὲ</em></span> <span class='ocrx_word' id='word_1_166' title='bbox 869 2723 1005 2808; x_wconf 87' lang='grc' dir='ltr'><em>φαύλοις.</em></span> 
     </span>
    </p>
   </div>
   <div class='ocr_carea' id='block_1_5' title="bbox 964 2933 1059 2996">
    <p class='ocr_par' dir='ltr' id='par_1_6' title="bbox 964 2933 1059 2996">
     <span class='ocr_line' id='line_1_21' title="bbox 964 2933 1059 2996; baseline -0.011 0"><span class='ocrx_word' id='word_1_167' title='bbox 964 2933 984 2996; x_wconf 91' lang='lat' dir='ltr'><em>l.</em></span> <span class='ocrx_word' id='word_1_168' title='bbox 1010 2935 1059 2995; x_wconf 89' lang='grc'><em>19.</em></span> 
     </span>
    </p>
   </div>
   <div class='ocr_carea' id='block_1_6' title="bbox 470 3135 1564 3527">
    <p class='ocr_par' dir='ltr' id='par_1_7' title="bbox 470 3135 1564 3427">
     <span class='ocr_line' id='line_1_22' title="bbox 512 3135 1560 3224; baseline -0.006 -16"><span class='ocrx_word' id='word_1_169' title='bbox 512 3141 727 3224; x_wconf 74' lang='grc' dir='ltr'><em>Τραπέζοςδὲ</em></span> <span class='ocrx_word' id='word_1_170' title='bbox 757 3149 810 3214; x_wconf 72' lang='grc' dir='ltr'><em>τῆς</em></span> <span class='ocrx_word' id='word_1_171' title='bbox 842 3142 934 3213; x_wconf 73' lang='grc' dir='ltr'><em>αὐτῆς</em></span> <span class='ocrx_word' id='word_1_172' title='bbox 965 3138 1094 3221; x_wconf 73' lang='grc' dir='ltr'><em>μηδενὸς</em></span> <span class='ocrx_word' id='word_1_173' title='bbox 1107 3137 1284 3215; x_wconf 74' lang='grc' dir='ltr'><em>μετέχοντος</em></span> <span class='ocrx_word' id='word_1_174' title='bbox 1306 3137 1379 3199; x_wconf 89' lang='grc' dir='ltr'><em>ἀλλ’</em></span> <span class='ocrx_word' id='word_1_175' title='bbox 1404 3135 1421 3207; x_wconf 79' lang='grc' dir='ltr'>ἢ</span> <span class='ocrx_word' id='word_1_176' title='bbox 1445 3138 1560 3217; x_wconf 72' lang='grc' dir='ltr'><em>ματρὸς</em></span> 
     </span>
     <span class='ocr_line' id='line_1_23' title="bbox 471 3237 1564 3325; baseline -0.007 -14"><span class='ocrx_word' id='word_1_177' title='bbox 471 3247 618 3325; x_wconf 83' lang='grc' dir='ltr'><em>βασιλέως</em></span> <span class='ocrx_word' id='word_1_178' title='bbox 643 3244 659 3318; x_wconf 74' lang='grc' dir='ltr'>ἢ</span> <span class='ocrx_word' id='word_1_179' title='bbox 683 3251 820 3320; x_wconf 75' lang='grc' dir='ltr'><em>γαμετῆς</em></span> <span class='ocrx_word' id='word_1_180' title='bbox 844 3239 997 3318; x_wconf 75' lang='grc' dir='ltr'><em>γυναικὸς,</em></span> <span class='ocrx_word' id='word_1_181' title='bbox 1020 3237 1215 3317; x_wconf 70' lang='grc' dir='ltr'><em>καθεζομένων</em></span> <span class='ocrx_word' id='word_1_182' title='bbox 1237 3246 1290 3312; x_wconf 74' lang='grc' dir='ltr'><em>τῆς</em></span> <span class='ocrx_word' id='word_1_183' title='bbox 1309 3238 1363 3314; x_wconf 79' lang='grc' dir='ltr'><em>μὲν</em></span> <span class='ocrx_word' id='word_1_184' title='bbox 1387 3237 1436 3300; x_wconf 82' lang='grc' dir='ltr'><em>ὑπ’</em></span> <span class='ocrx_word' id='word_1_185' title='bbox 1459 3240 1564 3319; x_wconf 82' lang='grc' dir='ltr'><em>αὐτὸν,</em></span> 
     </span>
     <span class='ocr_line' id='line_1_24' title="bbox 470 3343 993 3427; baseline -0.01 -15"><span class='ocrx_word' id='word_1_186' title='bbox 470 3359 523 3426; x_wconf 76' lang='grc' dir='ltr'><em>τῆς</em></span> <span class='ocrx_word' id='word_1_187' title='bbox 546 3350 575 3412; x_wconf 75' lang='grc' dir='ltr'><em>δὲ</em></span> <span class='ocrx_word' id='word_1_188' title='bbox 597 3347 704 3427; x_wconf 76' lang='grc' dir='ltr'><em>ματρὸς</em></span> <span class='ocrx_word' id='word_1_189' title='bbox 727 3345 797 3424; x_wconf 80' lang='grc' dir='ltr'><em>ὑπὲρ</em></span> <span class='ocrx_word' id='word_1_190' title='bbox 821 3343 910 3407; x_wconf 79' lang='grc' dir='ltr'><em>αὐτὸν</em></span> <span class='ocrx_word' id='word_1_191' title='bbox 932 3343 993 3407; x_wconf 80' lang='grc' dir='ltr'><em>κτέ.</em></span> 
     </span>
    </p>

    <p class='ocr_par' dir='ltr' id='par_1_8' title="bbox 514 3443 1564 3527">
     <span class='ocr_line' id='line_1_25' title="bbox 514 3443 1564 3527; baseline -0.006 -10"><span class='ocrx_word' id='word_1_192' title='bbox 514 3454 575 3518; x_wconf 88' lang='lat' dir='ltr'><em>Pro</em></span> <span class='ocrx_word' id='word_1_193' title='bbox 606 3450 700 3513; x_wconf 85' lang='lat' dir='ltr'>altero</span> <span class='ocrx_word' id='word_1_194' title='bbox 723 3448 740 3523; x_wconf 66' lang='lat' dir='ltr'>a</span> <span class='ocrx_word' id='word_1_195' title='bbox 764 3445 861 3511; x_wconf 84' lang='lat' dir='ltr'>scribe</span> <span class='ocrx_word' id='word_1_196' title='bbox 883 3445 941 3509; x_wconf 88' lang='grc' dir='ltr'><em>καί.</em></span> <span class='ocrx_word' id='word_1_197' title='bbox 977 3444 1206 3509; x_wconf 88' lang='lat' dir='ltr'>Attendendum</span> <span class='ocrx_word' id='word_1_198' title='bbox 1234 3446 1314 3509; x_wconf 92' lang='lat' dir='ltr'>enim</span> <span class='ocrx_word' id='word_1_199' title='bbox 1337 3444 1387 3520; x_wconf 90' lang='lat' dir='ltr'><em>id,</em></span> <span class='ocrx_word' id='word_1_200' title='bbox 1409 3443 1492 3527; x_wconf 87' lang='lat' dir='ltr'>quod</span> <span class='ocrx_word' id='word_1_201' title='bbox 1515 3446 1564 3511; x_wconf 95' lang='lat' dir='ltr'><em>le-</em></span> 
     </span>
    </p>
   </div>
   <div class='ocr_carea' id='block_1_7' title="bbox 374 3548 1563 3642">
    <p class='ocr_par' dir='ltr' id='par_1_9' title="bbox 374 3548 1563 3642">
     <span class='ocr_line' id='line_1_26' title="bbox 374 3548 1563 3642; baseline -0.005 -24"><span class='ocrx_word' id='word_1_202' title='bbox 374 3633 376 3637; x_wconf 83' lang='lat'><em>.</em></span> <span class='ocrx_word' id='word_1_203' title='bbox 471 3557 556 3642; x_wconf 72' lang='lat' dir='ltr'>giIur</span> <span class='ocrx_word' id='word_1_204' title='bbox 582 3554 616 3615; x_wconf 92' lang='lat' dir='ltr'><em>in</em></span> <span class='ocrx_word' id='word_1_205' title='bbox 647 3574 672 3615; x_wconf 91' lang='lat' dir='ltr'><em>c.</em></span> <span class='ocrx_word' id='word_1_206' title='bbox 704 3550 796 3615; x_wconf 87' lang='lat' dir='ltr'>XIX.</span> <span class='ocrx_word' id='word_1_207' title='bbox 831 3553 884 3615; x_wconf 90' lang='grc' dir='ltr'><em>Ἐκ</em></span> <span class='ocrx_word' id='word_1_208' title='bbox 916 3549 945 3613; x_wconf 81' lang='grc' dir='ltr'><em>δέ</em></span> <span class='ocrx_word' id='word_1_209' title='bbox 975 3556 1028 3622; x_wconf 75' lang='grc' dir='ltr'><em>τῆς</em></span> <span class='ocrx_word' id='word_1_210' title='bbox 1051 3548 1167 3628; x_wconf 87' lang='grc' dir='ltr'><em>πρίσθεν</em></span> <span class='ocrx_word' id='word_1_211' title='bbox 1191 3550 1319 3630; x_wconf 79' lang='grc' dir='ltr'><em>ὑποψίας</em></span> <span class='ocrx_word' id='word_1_212' title='bbox 1342 3549 1391 3613; x_wconf 86' lang='grc' dir='ltr'><em>ναί</em></span> <span class='ocrx_word' id='word_1_213' title='bbox 1416 3548 1563 3630; x_wconf 76' lang='grc' dir='ltr'><em>διαφοραῖς</em></span> 
     </span>
    </p>
   </div>
   <div class='ocr_carea' id='block_1_8' title="bbox 455 3652 1564 3949">
    <p class='ocr_par' dir='ltr' id='par_1_10' title="bbox 455 3652 1564 3949">
     <span class='ocr_line' id='line_1_27' title="bbox 471 3652 1564 3737; baseline -0.002 -16"><span class='ocrx_word' id='word_1_214' title='bbox 471 3654 647 3737; x_wconf 76' lang='grc' dir='ltr'><em>ἀρέἀμεναι</em></span> <span class='ocrx_word' id='word_1_215' title='bbox 663 3654 754 3720; x_wconf 89' lang='grc' dir='ltr'><em>πάλιν</em></span> <span class='ocrx_word' id='word_1_216' title='bbox 784 3656 823 3725; x_wconf 83' lang='grc' dir='ltr'><em>εἰς</em></span> <span class='ocrx_word' id='word_1_217' title='bbox 846 3654 879 3719; x_wconf 83' lang='grc' dir='ltr'><em>τδ</em></span> <span class='ocrx_word' id='word_1_218' title='bbox 903 3652 976 3717; x_wconf 83' lang='grc' dir='ltr'><em>αθτδ</em></span> <span class='ocrx_word' id='word_1_219' title='bbox 998 3655 1106 3736; x_wconf 87' lang='grc' dir='ltr'><em>φοιτοῖν</em></span> <span class='ocrx_word' id='word_1_220' title='bbox 1136 3653 1186 3716; x_wconf 80' lang='grc' dir='ltr'><em>καί</em></span> <span class='ocrx_word' id='word_1_221' title='bbox 1215 3654 1387 3718; x_wconf 90' lang='grc' dir='ltr'><em>συνδειπνεῖν</em></span> <span class='ocrx_word' id='word_1_222' title='bbox 1409 3654 1564 3727; x_wconf 73' lang='grc' dir='ltr'><em>ἀλλήλαις</em></span> 
     </span>
     <span class='ocr_line' id='line_1_28' title="bbox 455 3746 1564 3844; baseline -0.004 -19"><span class='ocrx_word' id='word_1_223' title='bbox 455 3746 533 3827; x_wconf 50' lang='grc' dir='ltr'><em>’κτέ</em></span> <span class='ocrx_word' id='word_1_224' title='bbox 568 3759 709 3824; x_wconf 80' lang='lat' dir='ltr'>Formula</span> <span class='ocrx_word' id='word_1_225' title='bbox 737 3759 833 3823; x_wconf 88' lang='lat' dir='ltr'>rarior</span> <span class='ocrx_word' id='word_1_226' title='bbox 863 3760 935 3823; x_wconf 86' lang='grc' dir='ltr'><em>ἀλλ’</em></span> <span class='ocrx_word' id='word_1_227' title='bbox 962 3758 979 3833; x_wconf 74' lang='grc' dir='ltr'><strong><em>ἤ</em></strong></span> <span class='ocrx_word' id='word_1_228' title='bbox 1008 3779 1063 3843; x_wconf 88' lang='lat' dir='ltr'><em>pro</em></span> <span class='ocrx_word' id='word_1_229' title='bbox 1092 3757 1211 3844; x_wconf 86' lang='lat' dir='ltr'>vulgari</span> <span class='ocrx_word' id='word_1_230' title='bbox 1243 3760 1320 3833; x_wconf 78' lang='grc' dir='ltr'><em>πλύν</em></span> <span class='ocrx_word' id='word_1_231' title='bbox 1342 3758 1443 3821; x_wconf 89' lang='lat' dir='ltr'>minus</span> <span class='ocrx_word' id='word_1_232' title='bbox 1465 3757 1564 3821; x_wconf 88' lang='lat' dir='ltr'>intel·</span> 
     </span>
     <span class='ocr_line' id='line_1_29' title="bbox 472 3862 1077 3949; baseline -0.008 -20"><span class='ocrx_word' id='word_1_233' title='bbox 472 3865 551 3930; x_wconf 86' lang='lat' dir='ltr'>lecta</span> <span class='ocrx_word' id='word_1_234' title='bbox 573 3863 624 3929; x_wconf 86' lang='lat' dir='ltr'><em>hic</em></span> <span class='ocrx_word' id='word_1_235' title='bbox 649 3864 835 3949; x_wconf 77' lang='lat' dir='ltr'>corruptelae</span> <span class='ocrx_word' id='word_1_236' title='bbox 859 3886 962 3927; x_wconf 86' lang='lat' dir='ltr'>ansam</span> <span class='ocrx_word' id='word_1_237' title='bbox 986 3862 1077 3925; x_wconf 76' lang='lat' dir='ltr'>dedit.</span> 
     </span>
    </p>
   </div>
   <div class='ocr_carea' id='block_1_9' title="bbox 908 4066 1122 4130">
    <p class='ocr_par' dir='ltr' id='par_1_11' title="bbox 908 4066 1122 4130">
     <span class='ocr_line' id='line_1_30' title="bbox 908 4066 1122 4130; baseline 0 -2"><span class='ocrx_word' id='word_1_238' title='bbox 908 4066 1122 4130; x_wconf 67' lang='lat' dir='ltr'><em>chffi</em></span> 
     </span>
    </p>
   </div>
   <div class='ocr_carea' id='block_1_10' title="bbox 475 4268 1566 4563">
    <p class='ocr_par' dir='ltr' id='par_1_12' title="bbox 475 4268 1566 4563">
     <span class='ocr_line' id='line_1_31' title="bbox 519 4268 1566 4352; baseline -0.004 -11"><span class='ocrx_word' id='word_1_239' title='bbox 519 4273 741 4352; x_wconf 83' lang='grc' dir='ltr'><em>Λακεδαιμόνιοι</em></span> <span class='ocrx_word' id='word_1_240' title='bbox 773 4273 827 4351; x_wconf 79' lang='grc' dir='ltr'><em>μὲν</em></span> <span class='ocrx_word' id='word_1_241' title='bbox 857 4268 903 4336; x_wconf 86' lang='grc' dir='ltr'><em>ούν</em></span> <span class='ocrx_word' id='word_1_242' title='bbox 934 4269 1082 4344; x_wconf 79' lang='grc' dir='ltr'><em>σαυτάλνν</em></span> <span class='ocrx_word' id='word_1_243' title='bbox 1115 4271 1183 4351; x_wconf 78' lang='grc' dir='ltr'><em>πρὸς</em></span> <span class='ocrx_word' id='word_1_244' title='bbox 1206 4270 1357 4350; x_wconf 75' lang='grc' dir='ltr'><em>Κλέαρχον</em></span> <span class='ocrx_word' id='word_1_245' title='bbox 1379 4268 1566 4337; x_wconf 89' lang='grc' dir='ltr'><em>ἀπέστειλαν</em></span> 
     </span>
     <span class='ocr_line' id='line_1_32' title="bbox 475 4375 1050 4461; baseline -0.012 -15"><span class='ocrx_word' id='word_1_246' title='bbox 475 4383 624 4461; x_wconf 69' lang='grc' dir='ltr'><em>ὑπηρετεῖν</em></span> <span class='ocrx_word' id='word_1_247' title='bbox 646 4379 727 4459; x_wconf 83' lang='grc' dir='ltr'><em>Κύρῳ</em></span> <span class='ocrx_word' id='word_1_248' title='bbox 750 4376 853 4442; x_wconf 90' lang='grc' dir='ltr'><em>πάντα</em></span> <span class='ocrx_word' id='word_1_249' title='bbox 876 4375 1050 4445; x_wconf 84' lang='grc' dir='ltr'><em>κελεύοντες.</em></span> 
     </span>
     <span class='ocr_line' id='line_1_33' title="bbox 519 4475 1565 4563; baseline -0.004 -14"><span class='ocrx_word' id='word_1_250' title='bbox 519 4484 604 4549; x_wconf 89' lang='lat' dir='ltr'>Haec</span> <span class='ocrx_word' id='word_1_251' title='bbox 633 4488 744 4547; x_wconf 88' lang='lat' dir='ltr'>temere</span> <span class='ocrx_word' id='word_1_252' title='bbox 773 4502 897 4547; x_wconf 84' lang='lat' dir='ltr'>narrans</span> <span class='ocrx_word' id='word_1_253' title='bbox 929 4475 1113 4544; x_wconf 78' lang='lat' dir='ltr'>Plutarchus</span> <span class='ocrx_word' id='word_1_254' title='bbox 1144 4477 1318 4563; x_wconf 87' lang='lat' dir='ltr'>imprudens</span> <span class='ocrx_word' id='word_1_255' title='bbox 1348 4476 1482 4556; x_wconf 85' lang='lat' dir='ltr'>fallitur;</span> <span class='ocrx_word' id='word_1_256' title='bbox 1505 4482 1565 4563; x_wconf 89' lang='lat' dir='ltr'><em>qui</em></span> 
     </span>
    </p>
   </div>
   <div class='ocr_carea' id='block_1_11' title="bbox 0 0 1831 5450">
    <p class='ocr_par' dir='ltr' id='par_1_13' title="bbox 0 0 1831 5450">
     <span class='ocr_line' id='line_1_34' title="bbox 0 0 1831 5450; baseline 0 0"><span class='ocrx_word' id='word_1_257' title='bbox 0 0 1831 5450; x_wconf 95' lang='lat' dir='ltr'><em> </em></span> 
     </span>
    </p>
   </div>
  </div>
 </body>
</html>
