3609 5450
804 431 980 492 ..23-

358 620 412 681 όοο
441 616 566 682 coasilio
593 621 629 678 at
658 621 832 698 οορκατοαό,
862 622 897 678 αθ
922 616 1021 699 μανέντ’
1042 619 1188 701 raynaudi
1204 619 1335 700 fierent·
1365 639 1448 702 quae

357 719 475 806 phrasis
505 741 598 804 aequa
619 719 650 783 vi
670 719 715 783 sio
739 719 875 783 converti
898 717 987 784 licet:
1010 722 1047 792 ῶς
1070 719 1319 799 βασιλευσόντυν;
1341 721 1446 786 veluti

356 826 391 888 in
421 822 559 910 Xenoph.
590 821 823 899 Anab.11‚r,
847 827 877 888 8.
910 819 966 899 ἦγε
995 823 1025 886 δὲ
1055 825 1105 890 καί
1135 826 1188 900 τὴν
1211 824 1359 906 θυγατέρα
1391 827 1447 901 τὴν

356 927 504 1005 βασιλέως
527 927 583 992 ἐπὶ
606 925 712 1007 γάμῳ
733 924 813 989 idem
835 926 916 990 valet
938 928 1020 1012 quod
1042 931 1084 1000 ῶς
1107 934 1249 1008 γαμῶν.
1274 929 1446 1014 Quodque

357 1032 454 1117 magis
477 1036 618 1118 appareat
640 1031 684 1094 ita
707 1053 739 1095 se
762 1029 868 1094 habere
891 1030 1028 1096 indidem
1051 1031 1126 1096 duos
1149 1033 1232 1097 locos
1254 1035 1320 1119 pari
1348 1056 1447 1099 sensu

356 1136 439 1201 varia
477 1135 530 1200 illa
568 1134 670 1220 phrasi
701 1124 928 1219 componamus:
959 1134 1009 1198 καί
1036 1132 1248 1214 ’συλλαμβάνει
1281 1142 1372 1217 Κῦρον
1406 1140 1445 1212 ῶς

355 1241 523 1304 άποκτενῶν
544 1237 626 1322 (Lib.
649 1238 683 1316 I,
707 1241 743 1315 1,
767 1239 811 1322 3.)
836 1241 866 1301 et
888 1237 1029 1314 ἐλάβοντο
1052 1247 1104 1313 τῆς
1126 1238 1213 1319 ζῶνκς
1235 1239 1284 1304 τὸν
1304 1239 1446 1321 Ὀρόνταν

355 1342 403 1407 ἐπὶ
420 1341 533 1422 θανάτῳ
554 1339 634 1425 (Lib.
654 1341 688 1418 Ι,
708 1344 743 1418 6,
763 1342 826 1426 10.)
851 1339 930 1405 Inde
947 1341 980 1404 in
999 1340 1077 1406 Plat.
1096 1342 1264 1430 Protagora
1282 1367 1311 1430 p.
1324 1346 1403 1421 312,
1414 1345 1444 1410 b.
1469 1411 1473 1416 s

353 1447 490 1525 ,,τούτων
519 1446 578 1525 γάρ
601 1446 636 1508 σὺ
660 1442 785 1519 ἑκάστην
808 1446 858 1510 ούκ
881 1444 929 1509 ἐπὶ
951 1445 1043 1528 τέχνῳ
1065 1445 1187 1526 ἔμαθες,
1211 1449 1248 1520 ῶς
1270 1448 1444 1529 δημιουργός

356 1551 506 1631 ἐσόμενος,
531 1551 603 1613 άλλ’
624 1546 672 1612 ἐπὶ
702 1546 846 1630 παιδείῳ.”
880 1550 1050 1614 insiticium
1077 1556 1218 1615 notemus
1244 1553 1281 1620 ῶς
1307 1550 1443 1634 δημιουρ-

356 1653 410 1731 γὸς
433 1652 580 1733 ἐσόμενος,
603 1653 713 1738 quippe
736 1652 818 1736 quod
834 1653 989 1739 significet
1000 1654 1063 1739 jam
1078 1654 1258 1740 praecedens
1273 1655 1321 1720 ἐπὶ
1337 1656 1442 1739 τέχνῳ.

847 1855 869 1922 l.
894 1861 945 1922 32.

401 2069 458 2135 Καὶ
490 2070 549 2151 γάρ
571 2069 770 2150 άναιρεθόνταν
792 2068 944 2151 φατὶτῶν
966 2075 1138 2150 στρατηγῶν
1159 2069 1226 2142 τοὺς
1248 2069 1302 2149 μέν
1328 2067 1443 2142 άλλους

360 2173 415 2238 ὑπὸ
452 2178 540 2239 κυνῶν
569 2172 789 2252 σπαράττεσθαι
819 2169 869 2234 καὶ
899 2169 1010 2251 όρκεαν,
1039 2173 1081 2252 τῷ
1111 2172 1141 2237 δέ
1169 2172 1323 2253 Κλεάρχου
1354 2177 1445 2256 νεκρῷ

358 2277 484 2340 θύελλαν
509 2275 616 2352 άνέμου
646 2283 703 2352 γῆς
730 2275 792 2339 θῖνα
822 2275 934 2347 πολλὴν
963 2274 1107 2354 φέρουσαν
1129 2277 1273 2354 ἐπιχῶσαι
1303 2275 1354 2339 καὶ
1378 2280 1445 2342 ἐπι·-

354 2379 464 2459 κρύψαι
486 2378 520 2444 τό
542 2383 639 2456 σῶμα.
661 2389 663 2393 ’
1181 2393 1183 2397 “

284 2471 286 2476 ⁴
398 2482 490 2547 Prius
521 2482 724 2567 compositum
753 2482 898 2561 ἐπιχῶσαι
928 2481 1018 2545 etiam
1041 2481 1141 2545 animo
1163 2479 1320 2545 inhaerens
1344 2503 1447 2565 quum

359 2583 501 2669 alterurn¹
518 2587 687 2671 scripturus
717 2588 781 2648 erat
810 2584 968 2663 librarius,
998 2584 1090 2649 elusit
1120 2589 1156 2649 ut
1182 2585 1257 2648 falso
1282 2587 1443 2671 scripserit

351 2688 509 2771 ἐπικρύψαι
528 2711 586 2776 pro
608 2688 795 2770 άποκρύψαι,
818 2690 901 2774 quod
923 2689 1127 2776 reponendum
1150 2692 1203 2754 est.
1228 2689 1446 2772 Conferamus,

351 2794 509 2858 evincendi
535 2816 641 2872 eausa,
664 2792 793 2858 similem
812 2794 915 2858 looum
937 2793 1015 2879 apud
1035 2792 1272 2879 Xenophontem
1291 2796 1326 2858 in
1336 2784 1441 2865 anab.

352 2897 411 2976 IV,
434 2902 471 2977 4,
495 2902 546 2963 11.
576 2896 810 2978 Νυκτερευόντιον
832 2896 963 2963 δἀύτῶν
986 2899 1111 2963 ἐνταῦθα
1133 2898 1341 2964 ἐπιπίπτει
1365 2902 1444 2980 χοῶν

352 2999 500 3080 άπλετος,
532 3001 615 3068 θίστε·
635 3003 837 3085 άπέκρυψε
870 3002 920 3067 καί
950 3003 991 3067 τά
1013 2999 1094 3067 όπλα
1116 3004 1166 3067 κού
1189 3004 1254 3075 τοὺς
1277 3004 1442 3086 άνθρύπους

351 3106 584 3185 κατακειμένους.
619 3105 701 3169 Vide
722 3106 812 3169 etiam
833 3102 926 3188 hujus
950 3104 1003 3169 vit.
1027 3126 1052 3168 c.
1076 3105 1158 3169 XVI
1180 3106 1200 3169 l.
1225 3109 1275 3170 18.

509 3231 512 3238 ι

845 3308 864 3373 i.
889 3312 940 3372 35.

397 3516 530 3599 φοινίκων
559 3515 589 3581 δέ
617 3540 699 3580 τινων
725 3515 940 3598 διασπαρέντων
962 3517 1051 3599 όλίγῳ
1073 3518 1166 3601 χρόνῳ
1189 3522 1357 3601 θαυμαστόν
1381 3524 1443 3593 άλ-

350 3644 399 3693 σος
425 3622 576 3707 άναφῶναι
606 3620 656 3684 καὶ
686 3619 888 3685 κατασκιάσαι
917 3620 967 3685 τόν
997 3621 1100 3701 τόπον,
1130 3622 1204 3689 ῶστε
1234 3627 1284 3691 καὶ
1314 3627 1448 3705 βασιλεῖ

353 3724 466 3808 σφόδρα
483 3721 676 3803 μεταμέλειν,
691 3726 728 3797 ῶς
743 3722 833 3805 άνδρα
849 3731 932 3797 Θεοῖς
947 3724 1035 3808 Φίλον
1048 3727 1197 3808 άνῳρκκότι
1212 3729 1261 3794 τόν
1275 3730 1445 3813 Κλέαρχον.

397 3828 485 3912 Ejioe
505 3827 555 3892 τόν
577 3828 746 3912 Κλέαρχον,
769 3828 997 3916 interpolatoris
1020 3830 1270 3898 additamentum.

776 4057 801 4099 o.
824 4036 908 4101 XIX
930 4037 951 4102 l.
975 4043 1025 4103 22.

397 4243 462 4310 ὅδὲ
486 4241 591 4309 Δείνων
616 4238 729 4329 (φασίν)
755 4244 786 4307 οὐ
809 4243 861 4318 τὴν
883 4242 1069 4324 Παρύσατιν,
1096 4246 1181 4311 άλλά
1203 4246 1252 4311 τὸν
1273 4246 1443 4317 Μελάνταν

352 4346 547 4427 τέμνοντα
576 4349 617 4429 τῷ
639 4346 792 4429 μαχαιρίῳ
815 4347 857 4415 τά
878 4348 1120 4430 Φαρμασσόμενα
1146 4355 1202 4417 τῶν
1224 4356 1309 4434 κρεῶν
1330 4354 1443 4421 τιθέναι

268 4440 270 4443 ’
354 4451 435 4517 κατά
456 4453 507 4526 τὴν
531 4449 701 4532 Στάτειραν.
