3609 5450
809 479 986 540 ...24-

355 660 472 742 χρίνον,
505 660 542 724 cf.
570 660 648 724 infra
680 682 704 724 c.
737 661 821 726 XIX
851 665 927 729 med.
958 664 1080 730 XXIII
1102 665 1170 728 init.
1193 663 1247 727 vit.
1270 666 1387 728 Anton.
1416 686 1442 728 c.

356 763 477 828 XXIII
506 763 574 826 init.
605 763 741 827 XXXII
771 765 821 828 fin.
851 765 931 829 LVI
961 768 1037 832 med.
1068 768 1121 831 vit.
1145 767 1236 830 Dion.
1260 788 1285 830 c.
1308 767 1363 830 III
1388 768 1444 830 fin.

355 866 472 930 XXVI
498 868 565 931 init.
588 870 654 932 Aut
678 868 703 931 si
726 870 813 932 notio
838 870 966 934 durandi
989 877 1155 957 urguetur,
1185 872 1366 957 praepositio
1392 873 1445 935 ἐπί
1507 886 1509 891 ’

355 969 510 1033 dumtaxat
539 971 758 1056 praemittitur3
789 972 826 1035 cf.
856 973 910 1035 vit.
941 973 1016 1058 Lyc.
1047 997 1075 1059 p.
1106 977 1165 1051 40,
1189 974 1216 1037 d.
1247 974 1323 1038 Plat.
1355 973 1443 1038 Prot.

354 1096 383 1159 p.
407 1076 480 1151 344,
502 1072 530 1138 b.
553 1072 662 1138 Phaed.
684 1097 712 1160 p.
736 1077 797 1152 84,
821 1095 845 1138 c.
868 1074 951 1161 Ergo
974 1076 1099 1140 delenda
1121 1076 1173 1140 hic
1191 1077 1374 1163 praepositio
1387 1078 1441 1148 εἷς.

779 1303 803 1345 c.
827 1280 938 1346 VIII.
964 1286 1013 1347 10.

398 1483 563 1565 Τνριβσίζου
594 1484 627 1559 δ’,
659 1481 695 1555 ίίς
725 1489 819 1565 Φασι,
849 1487 959 1567 πρώτου
990 1489 1189 1567 τολμήσαντος
1220 1492 1325 1566 εἰπεῖν,
1348 1492 1385 1561 ὡς
1410 1495 1444 1556 οὐ

353 1589 399 1652 δεῖ
425 1593 620 1670 φυγομαχεῖν
650 1586 712 1652 οὐδὲ
741 1589 859 1663 Μηδίας
889 1591 1039 1657 ε’κστνίντα
1060 1592 1109 1657 καί
1141 1594 1325 1670 Βαβυλῶνος,
1354 1595 1444 1658 οὶλλα

354 1692 403 1755 καὶ
434 1689 549 1753 Σούσων
577 1689 719 1754 ἐνδύεσθαι
750 1699 787 1772 τῇ
816 1693 947 1773 Περσίδι,
985 1695 1217 1760 πολλαπλασίαν
1246 1696 1299 1774 μὲν
1329 1694 1444 1775 ἔχοντα

354 1794 474 1871 δύναμιν
497 1798 552 1858 τῶν
576 1793 721 1872 πολεμίοιν
744 1793 804 1858 κτὲ.

399 1897 511 1960 Sensus
542 1898 575 1960 iu
607 1897 770 1983 pristinum
801 1902 832 1959 et
862 1895 1016 1982 integrum
1039 1902 1151 1963 statum
1174 1900 1275 1963 redeat
1297 1900 1444 1986 legendo,

355 2000 607 2085 interpolamento
638 1999 721 2064 οίλλιὶ
753 1999 866 2063 deleto:
896 1999 958 2063 οὐδὲ
988 2000 1105 2076 Μιρδίας
1136 2003 1284 2068 ε’κστιίντα
1305 2002 1355 2067 καὶ
1380 2016 1442 2069 Βα-

354 2103 482 2180 βυλῶνος
505 2103 554 2167 καὶ
579 2103 694 2167 Σούσων
717 2104 775 2168 κτὲ.

846 2307 866 2370 l.
890 2313 941 2371 18.

398 2511 536 2596 ἐξαίφνης
567 2516 750 2595 καταφανεὶς
773 2514 940 2589 ἐνενήκοντα
961 2516 1077 2594 μυριιίσι
1101 2521 1226 2595 στρατοῦ
1249 2515 1443 2592 διακεκοσμη-

353 2614 454 2694 μέναις
472 2623 615 2695 λαμπρῶς
634 2618 700 2689 τοὺς
723 2617 877 2695 πολεμίους
899 2617 1097 2688 ἀσυντάκτους
1120 2618 1169 2682 καὶ
1192 2618 1393 2689 οίνίπλσυςδια
1405 2621 1443 2684 τὸ

354 2721 460 2802 θαρρεῖν
482 2721 531 2786 καὶ
554 2728 747 2805 καταφρονεῖν
770 2721 981 2803 ὁδοιποροῦντας
1004 2720 1145 2799 ἐξέπληξε
1161 2725 1210 2788 καί
1227 2721 1440 2803 συνετάραξεν,

353 2822 427 2889 ὥστε
458 2824 509 2889 σὺν
533 2826 639 2907 θορύβῳ
662 2826 710 2890 καὶ
734 2826 789 2907 βοῇ
813 2836 910 2909 πολλῇ
932 2826 1017 2906 μίλις
1040 2828 1080 2897 εἷς
1103 2824 1187 2901 essu
1214 2828 1441 2902 κατασταθῆναι

353 2928 401 2993 τὸν
423 2936 520 3011 Κῦρον.
807 2919 813 2931 ’

396 3032 514 3120 Nempe
544 3036 674 3097 aoristus
704 3034 788 3098 verbi
817 3034 998 3111 καθίσταμαι
1032 3033 1173 3111 collocor,
1210 3036 1338 3097 consiste
1373 3057 1441 3099 non

352 3139 398 3200 est
421 3134 602 3208 neccessitas
625 3157 728 3198 verum
750 3135 902 3209 κατέστην.
937 3133 1166 3197 Emendsndum
1188 3136 1286 3220 igitur
1298 3137 1337 3207 είς
1349 3137 1441 3214 essu

353 3246 599 3312 καταστῆναι
622 3237 671 3300 τὸν
693 3243 788 3313 Κῦρον.

763 3464 788 3505 c.
812 3441 898 3504 VIII
920 3440 940 3504 l.
965 3445 1014 3506 17.

398 3655 461 3725 Τὴν
490 3650 549 3731 γαρ
580 3648 751 3732 σίσφσίλειαν
778 3646 811 3725 ἐξ
839 3647 970 3721 ίίπαντος
997 3646 1133 3757 διώκοντρι
1155 3649 1204 3713 καὶ
1228 3656 1365 3714 πλεῖστον
1387 3654 1441 3720 λα’-

353 3777 404 3831 γον
427 3754 537 3835 ἔχοντα
558 3761 609 3819 τοῦ
632 3754 719 3834 μηδὲν
742 3756 844 3819 παίεῖν
866 3751 931 3819 οίκοι
954 3754 1047 3843 μένειν
1070 3751 1103 3829 ἦν
1125 3754 1284 3835 κροίτιστον.

398 3860 598 3924 Constructio
630 3860 788 3946 depravata
818 3882 835 3923 a
858 3858 997 3936 librario,
1019 3859 1101 3942 quod
1124 3860 1225 3921 sensui
1248 3860 1310 3923 vim
1333 3859 1439 3927 demit.

355 3964 464 4047 Neque
494 3964 572 4027 enim
600 3964 633 4027 in
655 3967 755 4027 mente
777 3966 839 4027 erat
862 3963 978 4027 Nostro
1002 3961 1100 4024 dicere
1123 3983 1190 4024 eum
1213 3963 1321 4044 quovis
1344 3966 1439 4030 modo

356 4093 440 4135 suam
471 4069 596 4133 salutem
623 4071 810 4154 expetentem
835 4068 916 4131 domi
938 4088 1057 4130 manere
1071 4068 1286 4145 praestitisse:
1312 4067 1363 4131 sed
1386 4071 1438 4133 ni-

352 4175 462 4240 mirum
493 4174 522 4237 ei
551 4171 590 4236 ob
612 4172 645 4236 id
667 4173 783 4257 ipsum,
806 4171 888 4254 quod
911 4192 1028 4234 omnem
1052 4171 1245 4235 securitatem
1268 4177 1438 4237 sectaretur

351 4279 492 4362 quodque
521 4276 609 4341 anxie
640 4279 789 4362 spectaret
811 4296 849 4338 ne
871 4274 946 4358 quid
965 4273 1149 4336 incommodi
1174 4282 1308 4361 caperet,
1330 4278 1438 4341 'maxi-

353 4403 401 4444 me
423 4382 588 4467 expediisse
611 4385 641 4444 et
664 4380 805 4462 optimam
817 4379 927 4463 fcisse
950 4376 1031 4440 domi
1054 4399 1179 4442 manere.
1202 4377 1436 4443 Emendaudum

353 4484 449 4571 igitur
478 4485 598 4549 διώκοντι
620 4483 669 4548 καὶ
693 4489 829 4547 πλεῖστον
851 4479 939 4557 λόγον
961 4478 1067 4562 ἔχοντι.
1097 4479 1168 4551 Quo
1191 4481 1357 4548 dilucidius
1379 4505 1434 4569 ap-
