3609 5450
902 512 1103 575 -102-

466 695 525 775 γὰρ
557 697 612 759 πῶν
642 696 709 759 θεῶν
735 696 772 765 ὥς
794 692 871 758 οὐδὲν
893 695 1024 778 παρῆροέν
1045 701 1163 774 percio
1185 695 1323 775 δημοσίων
1343 700 1452 774 τιμῶν,
1475 694 1497 758 i.
1523 717 1551 759 5.

466 799 580 875 πιμιϊιν
603 795 771 875 δαμαιῖιν
793 794 900 863 δδλοι.
942 791 1091 885 Apertum
1114 803 1177 877 est,
1199 797 1375 864 scholiastae
1397 798 1555 862 invenisse

465 922 556 978 Ιπιμαν
578 899 719 979 δαμαιαν.
765 900 825 966 Sed
849 900 973 980 δαμαῖος
995 924 1058 965 555
1082 903 1202 967 videtur
1221 922 1363 986 umquam
1379 923 1435 986 pro
1452 901 1554 979 δήμιος

464 1008 652 1089 usurpatum.
697 1004 806 1087 Itaque
835 1009 918 1069 recte
947 1009 1115 1071 correctum
1144 1005 1265 1072 videtur
1288 1005 1419 1076 δαναιᾶν.
1466 1014 1553 1069 Δολο

424 1136 429 1147 ·
466 1112 567 1171 autem
599 1107 681 1190 quod
711 1107 743 1170 in
774 1110 862 1170 textu
883 1111 930 1172 eet
952 1109 1120 1173 necessario
1152 1108 1188 1172 ad
1218 1107 1290 1188 δόλῳ
1314 1108 1408 1193 ducit¹
1423 1111 1454 1171 et
1478 1106 1553 1172 δόλοι

464 1233 527 1275 555
550 1211 662 1274 nititur
684 1209 854 1274 scholiaste.
899 1210 990 1281 Quod
1013 1211 1039 1274 ai
1063 1212 1218 1295 quaeritur
1240 1212 1299 1275 iam
1321 1215 1425 1275 utrum
1435 1208 1509 1291 δόλῳ
1519 1211 1554 1274 in

464 1312 538 1381 onoc
562 1316 709 1378 mutatum
733 1335 798 1377 esse
820 1311 1006 1398 probabilius
1037 1315 1078 1379 eit
1108 1337 1147 1378 an
1177 1319 1298 1392 contra,
1328 1314 1413 1399 prius
1443 1312 1553 1400 procul

465 1415 558 1481 dubio
580 1415 803 1502 praeterendum
827 1419 889 1494 est,
911 1418 994 1499 quod
1016 1417 1073 1482 hac
1095 1418 1265 1483 mutatione
1284 1414 1353 1497 ἦραν
1372 1417 1462 1482 habet
1479 1416 1554 1481 sub-

465 1520 578 1584 iectum
599 1540 660 1603 quo
684 1520 859 1603 ceteroquin
883 1519 1010 1584 carebat.
1056 1521 1094 1587 Id
1120 1523 1358 1598 dictumest,
1381 1521 1554 1585 subiectum

464 1624 597 1699 excidit,
619 1623 700 1706 quod
717 1621 811 1687 ‘facile
832 1627 934 1707 potest
955 1625 1077 1690 rest'tui
1100 1624 1261 1690 scribendo
1283 1623 1468 1702 δνςπιίλαμοι
1492 1644 1554 1686 πα-

466 1724 575 1803 λιὶμαι.
617 1726 786 1802 0f.jP10m.
811 1731 883 1792 576.
907 1727 1084 1801 πνλέπλανοι
1107 1728 1238 1806 πλάναις
1263 1732 1336 1793 585.
1370 1727 1554 1796 πολύπλανοι

466 1828 596 1905 πλάναις
620 1827 692 1893 Eur.
716 1829 889 1894 Η55ι192.
913 1829 1078 1912 δνςφήμονς
1100 1832 1218 1914 φήμας.
1265 1830 1483 1908 Praetereunt
1503 1852 1555 1893 ve-

465 1953 532 1996 rum
567 1954 630 1996 esse
662 1933 785 2016 nequit;
816 1933 876 1996 nisi
904 1938 1046 2018 putemus
1075 1956 1217 2021 graecum
1246 1955 1311 1998 esse
1331 1933 1465 2012 ἀπαίρειν
1487 1931 1555 1997 πινιέ

465 2058 538 2107 τινος
560 2057 615 2120 pro
638 2036 769 2119 spoliare
791 2036 922 2119 aliquem
944 2037 1050 2121 atiquo
1080 2059 1120 2102 να.
1161 2038 1272 2121 Itaque
1293 2037 1453 2124 legendum
1477 2040 1554 2124 puto

467 2138 519 2223 (με
541 2139 658 2203 auctori
680 2161 736 2203 suo
759 2139 915 2223 restituto)

647 2313 708 2389 νύξ.
732 2314 792 2378 απὸ
815 2314 874 2395 ναι
896 2315 988 2392 πιμὸιν
1011 2313 1132 2379 δαναιᾶν
1154 2316 1221 2379 θεῶν

486 2471 488 2475 .
583 2494 585 2498 7
643 2412 829 2493 δυςπαλαμοι
852 2414 996 2493 παλοὶμαι
1019 2418 1088 2496 παρ’
1110 2414 1187 2480 οὐδὲν
1210 2411 1279 2496 ἦραν
1301 2413 1401 2499 δόλῳ,-

466 2596 527 2658 quo
549 2573 702 2639 lucramur
725 2574 800 2638 duos
820 2574 965 2639 dimetros
988 2573 1196 2656 dochmiacos,
1219 2598 1347 2659 quorum
1371 2571 1446 2640 alter
1468 2597 1556 2661 prae-

465 2678 600 2764 positum
629 2667 719 2741 habet
753 2676 925 2762 dactylum,
957 2678 1044 2743 cuius
1074 2680 1192 2766 generis
1222 2701 1326 2746 versus
1358 2683 1430 2745 sunt
1461 2679 1555 2744 etiam

466 2782 548 2867 Sept.
573 2784 655 2860 221,
677 2804 733 2866 sq,
756 2785 835 2859 228,
859 2804 915 2867 sq,
935 2782 996 2846 nisi
1015 2784 1097 2869 quod
1116 2783 1211 2850 altero
1229 2806 1319 2849 versu
1337 2806 1417 2847 unus
1431 2787 1556 2848 tantum

449 2883 627 2950 ‘dochmius
650 2889 712 2950 est:
735 2888 794 2950 acin
816 2888 963 2965 χαλεπᾶς
985 2886 1056 2959 δύας
1072 2885 1166 2969 ὕπερθ’
1181 2886 1323 2967 ὀμμάτων
1338 2889 1557 2967 Κρνμναμενῖιν

467 2992 597 3072 νεφελᾶν
618 2989 697 3069 ὀρθοῖ.
732 2989 921 3053 scholiastae
942 2988 1040 3076 igitur
1059 2990 1151 3055 lectio
1175 2990 1382 3078 postponenda
1404 2990 1555 3055 Mediceo.

482 3097 586 3157 ·861.
609 3091 745 3167 ἐξελοῦσ’.
793 3090 1166 3173 δο1ιο1οὲναππερώσα5α.
1212 3093 1287 3158 Non
1310 3096 1411 3177 potest
1433 3092 1493 3157 hoc
1517 3093 1557 3158 ad

468 3196 623 3281 vulgatam
652 3195 765 3259 referri.
810 3194 893 3280 Ergo
924 3194 1114 3259 Fritzsohiue
1144 3197 1245 3280 ipsum
1272 3193 1456 3258 scholiasten
1484 3201 1557 3262 ten-

467 3300 545 3364 tavit
579 3296 743 3361 ooniiciens
777 3296 1010 3377 οὲναπερασασα,
1037 3295 1222 3361 Wieselerus
1245 3297 1355 3361 statuit
1378 3297 1557 3366 confudisse

468 3423 536 3467 eum
559 3398 679 3479 ἐξαιρεῖν
698 3404 728 3462 51
747 3397 881 3478 ἐξαίρειν,
904 3403 941 3461 51
960 3399 1140 3485 explicuerit
1159 3398 1300 3477 ἐξελοῦσα
1318 3395 1407 3485 quasi
1420 3400 1557 3484 ἕξαρασα

467 3505 537 3569 eius>
550 3524 750 3587 synonymum
766 3507 844 3584 esset
863 3502 1038 3586 (mesela,
1057 3504 1255 3569 Coniectccec
1270 3506 1305 3568 ic
1319 3493 1411 3571 Eunu
1424 3529 1452 3591 p.
1465 3509 1553 3593 165).

469 3607 751 3690 Quomodocunque
769 3606 805 3670 de
824 3605 872 3671 his
889 3606 1260 3684 statuitur,transitirum
1271 3610 1395 3674 verbum
1406 3610 1495 3694 quale
1506 3617 1554 3677 est

448 3698 450 3701 Α
467 3714 646 3793 αναππεροῦν
656 3710 707 3775 hio
718 3711 842 3776 minime
853 3715 958 3797 aptum
970 3715 1033 3789 est,
1043 3733 1135 3796 qnare
1146 3717 1200 3777 551
1211 3712 1387 3778 scholiastes
1395 3736 1479 3779 suam
1490 3714 1554 3779 lec·

468 3818 584 3882 tionem
607 3816 684 3881 male
705 3816 920 3901 interpretatus
943 3819 1006 3893 est,
1030 3820 1083 3881 551
1104 3816 1209 3881 falsam
1229 3815 1345 3882 habuit.
1388 3817 1553 3882 15151155-

467 3924 548 3985 tasse
569 3919 703 3983 insolens
727 3920 850 4003 aliquod
874 3917 1054 3983 vocabulum
1082 3921 1165 4003 quod
1187 3922 1305 3999 ἐμπνεῖν
1327 3922 1552 4006 significaverit.

464 4019 611 4091 'ueterum
641 4023 754 4086 iniuria
782 4023 925 4087 nonnulli
954 4008 1134 4109 interpretes
1164 4029 1330 4111 provocant
1352 4024 1390 4089 ad
1414 4024 1552 4090 scholion

469 4126 650 4207 ἔξελθοῖισαῚ
666 4124 886 4202 διαπεραπασα,
911 4126 993 4211 quod
1011 4128 1044 4190 iu
1064 4126 1292 4192 Robortelliana
1310 4128 1479 4204 invenitur,
1498 4128 1552 4193 sed

469 4236 504 4298 in
533 4231 672 4297 Medioeo
703 4229 802 4306 deest3
831 4252 900 4293 nam
924 4252 940 4294 e
964 4230 1138 4296 coniectura
1167 4234 1268 4297 fluxit.
1290 4270 1335 4282 -
1357 4232 1487 4317 Reliqua
1517 4234 1552 4297 in

469 4335 587 4403 scholio
610 4336 648 4400 ad
670 4334 839 4423 proximum
861 4355 982 4399 versum
1004 4335 1165 4421 pertinent.

513 4440 699 4509 Surrnrcns.
745 4444 773 4504 9.
796 4435 1005 4522 φνλαξανιραν
1025 4438 1125 4518 palpo
1149 4436 1280 4526 (litterae
1303 4439 1552 4524 oucinnasura),

468 4541 585 4609 Schol:
608 4543 758 4626 φνξοὶνορα
782 4542 853 4628 (hoc
875 4542 983 4608 lemma
1004 4547 1049 4610 eat
1067 4543 1099 4607 in
1122 4543 1230 4630 Med.)l
1256 4544 1477 4625 γάμον-φυγὴν
1499 4542 1551 4606 ἄν·
