3609 5450
587 570 595 613 Ι
744 510 789 560 .;
812 517 852 580 73
875 549 921 560 ..

296 704 470 767 atioeota'um
500 699 705 786 conjunctae?
728 701 818 780 dicit,
847 701 904 765 etsi
928 699 1067 764 Tiberius
1090 694 1196 763 eum'a
1217 701 1373 786 proposito

297 809 444 872 divertere
473 809 647 882 conaretur,
676 827 739 869 non
769 827 838 869 vero
862 805 1005 868 “ecudem
1028 801 1270 881 abstinentiam,”
1292 804 1374 889 quod

297 931 419 975 sensum
448 929 510 971 non
531 905 660 971 haberet.
695 907 809 972 Verum
833 908 977 971 “eundem
999 927 1117 970 curcum
1140 909 1281 990 conficere
1301 906 1331 970 h.
1353 906 1374 970 l.

298 1035 417 1080 sensum
439 1010 529 1075 habet
552 1011 698 1096 optimum
719 1010 897 1096 indicatque
918 1011 1049 1075 eamdem
1073 1010 1169 1087 viam,
1191 1031 1280 1093 quam
1298 1030 1374 1093 equo

298 1120 376 1181 esset
403 1137 540 1179 emensus
569 1115 622 1198 qui
651 1113 817 1192 veheretur,
839 1114 876 1179 ab
898 1137 933 1180 eo
956 1114 1082 1201 pedibus
1105 1113 1272 1178 confectam
1296 1133 1376 1189 esse,

248 1261 253 1276 ·
299 1225 457 1307 postquam
479 1239 589 1302 equum
612 1216 768 1282 dimiserit.

344 1325 386 1386 4⁰.
416 1322 499 1408 Ergo
528 1343 625 1404 neque
647 1343 722 1406 opus
744 1326 810 1400 est,
832 1326 867 1386 ut
890 1321 1023 1385 omnium
1040 1319 1186 1400 ,codicum
1215 1318 1376 1383 lectionem

301 1425 486 1510 rejiciamus,
515 1445 612 1508 neque
640 1425 801 1510 magistro,
836 1425 889 1509 qui
922 1429 1041 1489 textum
1069 1422 1252 1508 corruperit,
1280 1441 1378 1504 neque

301 1529 452 1593 inusituts
474 1528 595 1592 dicendi
617 1529 748 1606 ratione,
770 1550 829 1612 qua
846 1527 1036 1614 pleonasmus
1058 1529 1163 1592 oritur.

347 1630 418 1718 Gap.
442 1633 493 1697 75.
536 1631 666 1717 “Neque
698 1652 765 1695 cero
795 1631 976 1715 Pompejua,
1009 1633 1124 1714 coquito
1158 1629 1283 1694 coasilio
1311 1630 1379 1714 ejus

302 1734 537 1808 cucumellum
566 1735 609 1796 od
634 1736 844 1819 insequendum
873 1735 1000 1810 incultu
1028 1736 1083 1798 sed
1102 1735 1203 1798 eudem
1225 1739 1380 1813 spectaui,

303 1838 331 1902 u·
356 1839 465 1902 itinere
489 1838 647 1920 impeditos
673 1844 704 1900 et
725 1839 902 1922 perterritos
923 1837 1138 1922 deprehendere
1155 1842 1274 1920 posset,
1298 1858 1380 1900 ecer-

304 1945 396 2007 ec‘tcm
418 1942 526 2004 caetris
547 1922 680 2008 estruit?
1304 1921 1308 1936 ⁸

348 2046 452 2111 Locus
490 2050 521 2109 et
558 2044 626 2108 aliis
659 2047 689 2107 et
721 2043 797 2108 mihi
831 2047 999 2129 corruptus.
1023 2086 1025 2089 -
1045 2044 1217 2130 Herzcgius
1251 2042 1382 2127 explicat

306 2151 446 2225 “eodem,
476 2171 553 2232 quoe
583 2169 694 2230 semper
714 2153 848 2229 spectare
870 2145 1086 2211 consueuerat.”
1130 2148 1189 2211 Sed
1212 2169 1246 2211 ec
1269 2166 1383 2232 semper

307 2258 458 2340 spectasse
490 2251 679 2336 Pompejum‚
711 2254 747 2314 ut
773 2250 928 2314 Caesarem
952 2251 984 2314 in
1005 2252 1112 2316 itinere
1135 2249 1384 2337 deprehenderet,

306 2379 456 2444 nusquam
492 2360 688 2420 memoratum
725 2354 820 2419 video.
864 2355 1000 2440 Pompeji
1034 2355 1217 2433 consilium,
1250 2355 1275 2417 si
1309 2351 1384 2437 quid

307 2463 411 2539 video,
444 2461 477 2524 id
507 2481 621 2544 semper
646 2459 722 2536 fuit,
752 2462 789 2522 ut
811 2457 924 2523 bellum
948 2459 1085 2539 duceret,
1108 2482 1228 2546 sperans
1251 2459 1326 2534 fore,
1349 2459 1385 2520 ut
1412 2457 1415 2467 '

307 2567 415 2632 Caesar
443 2564 563 2629 tandem
593 2563 695 2648 inopia
725 2584 793 2626 eum
824 2563 961 2627 exercitu
986 2564 1133 2629 interiret.
1176 2563 1254 2627 Inde
1276 2559 1386 2648 proeli-

306 2692 359 2735 um
389 2667 574 2732 committere
602 2665 755 2744 uoluerat,
778 2665 849 2729 inde
876 2687 908 2729 se
932 2666 1052 2731 includi
1082 2671 1144 2731 erat
1167 2689 1291 2753 possus3
1313 2664 1386 2730 inde

306 2778 411 2862 postea
449 2770 538 2833 etiam
576 2767 722 2854 proelium
757 2769 868 2832 evitare
902 2770 1037 2846 studuit,
1066 2792 1122 2833 nec
1155 2772 1216 2834 nisi
1250 2770 1385 2833 omnium

305 2897 430 2943 suorum
469 2870 733 2937 vociferationibus
767 2868 1100 2955 criminationibusque,
1140 2873 1293 2957 ignaviam
1333 2874 1386 2934 aut

306 2977 476 3066 superbiam
497 2974 772 3061 «exprobrantium,
806 2972 843 3036 ad
866 2995 998 3059 pugnam
1020 2973 1099 3060 apud
1127 2973 1303 3038 Pharsalum
1335 2974 1386 3037 de-

211 3149 216 3158 ,
306 3083 434 3150 stendit.

351 3185 557 3273 Nipperdeius
586 3182 687 3245 eudem
715 3182 814 3244 mutat
835 3181 869 3244 iu
891 3182 932 3244 id.
978 3181 1036 3245 Sed
1059 3203 1098 3245 ne
1120 3178 1178 3246 hoc
1200 3181 1322 3267 quidem
1341 3202 1387 3244 sa-

307 3293 365 3371 tis;
381 3314 451 3355 nam
474 3296 606 3373 spectare
625 3308 658 3349 ea
680 3285 918 3371 significatione,
941 3307 1000 3371 qua
1022 3285 1074 3350 hic
1095 3280 1275 3373 usurpatur,
1291 3306 1387 3370 neque

309 3395 387 3481 apud
410 3394 581 3469 Caesarem,
601 3412 698 3473 neque
720 3389 800 3474 apud
823 3389 897 3454 alios
917 3390 1078 3475 scriptores
1092 3412 1159 3455 cum
1173 3390 1387 3474 conjunctione

309 3501 339 3563 se'
356 3497 549 3581 conjunctam
573 3513 729 3557 occurrere
751 3493 889 3571 memini,
916 3494 976 3557 nisi
1000 3495 1098 3581 capite
1121 3497 1162 3557 85
1186 3492 1277 3578 hujus
1299 3491 1387 3571 libri,

308 3601 361 3667 ubi
383 3602 448 3666 sine
470 3598 566 3673 dubio
585 3595 744 3683 legendum
773 3599 820 3659 est
843 3602 1057 3681 “exspectaus,
1077 3595 1140 3674 «νίζ’
1162 3602 1199 3661 ut
1220 3598 1285 3683 ipse
1307 3597 1387 3683 Nip-

308 3706 446 3792 perdeius
477 3701 582 3766 edidit.
626 3697 697 3763 Alia
726 3698 824 3783 igitur
853 3700 971 3763 ratione
1000 3699 1167 3765 tollendum
1193 3707 1238 3764 est
1261 3701 1386 3779 vitium3

309 3830 400 3894 quare
428 3806 551 3874 videant
582 3801 754 3890 peritiores,
785 3823 822 3864 an
854 3800 914 3887 legi
945 3804 1056 3888 possit:
1081 3804 1164 3867 “Sed
1184 3806 1307 3867 ecem»
1321 3825 1388 3888 ape-

309 3918 409 3989 ctcus,
443 3902 731 3993 eponae-eduae?
782 3904 938 3989 Tanquam
969 3906 1077 3971 Caesar
1110 3907 1210 3972 dicere
1242 3907 1388 3982 voluerit,

309 4015 484 4101 Pompejum
507 4035 570 4077 nou
593 4015 712 4075 tantum
735 4007 890 4073 Gaesarem
914 4032 930 4074 e
952 4010 1090 4075 manibus
1112 4013 1250 4080 emittere
1272 4011 1387 4075 uoluis-

199 4159 202 4164 ·
305 4141 362 4197 sc,
390 4117 441 4182 sed
471 4116 582 4182 elatum
613 4114 740 4179 victoria
767 4134 861 4197 nuper
884 4118 1035 4199 reportata
1055 4115 1088 4178 id
1112 4116 1233 4179 consilii
1258 4116 1386 4198 cepisse,

310 4225 346 4287 ut
367 4221 534 4285 exercitum
556 4219 666 4284 deleret
688 4222 777 4302 atque
799 4218 843 4281 ita
866 4217 1006 4283 eduxisse
1028 4220 1209 4295 exercitum,
1237 4220 1263 4282 si
1286 4217 1388 4280 hostes

311 4325 454 4409 consequi
476 4327 594 4410 posset,
619 4326 654 4388 ut
676 4321 818 4408 putabat,
841 4322 950 4386 itinere
971 4322 1131 4408 impeditos
1155 4328 1184 4386 et
1207 4322 1388 4407 perterritos.

310 4430 419 4513 Itaque
441 4426 616 4511 conjunctio
639 4427 667 4489 ae'
689 4426 895 4512 interrogandi
916 4427 1069 4490 notionem
1094 4427 1219 4503 retinet,
1244 4425 1295 4489 sed
1318 4448 1390 4510 pen-

312 4534 380 4613 det,
402 4554 437 4597 ex
466 4530 602 4615 sequenti
630 4527 750 4607 edocit,
778 4530 859 4594 sicut
881 4528 928 4594 B..
942 4529 975 4593 Ο.
1000 4532 1028 4593 3.
1053 4533 1103 4595 56.
1150 4531 1287 4592 “Coesor
1309 4551 1390 4592 ecer-
