3609 5450
813 509 990 570 ...M-..-

1087 602 1112 653 0

358 695 470 758 uuum
499 713 516 755 a
545 692 750 777 mo·ejeotum
780 696 841 772 est,
871 692 1022 777 quomodo
1052 692 1085 756 in
1109 694 1228 756 textum
1249 692 1381 770 venerit,
1403 691 1442 756 ad

358 797 510 881 liquidum
533 795 694 880 perducere
715 817 838 880 nequeo.
884 795 982 860 Credo
1000 794 1090 881 eulpa
1109 793 1357 874 describentium,
1375 796 1442 881 qui,

360 901 432 964 dum
456 922 564 964 sonum
590 900 795 985 praecedentis
824 899 1063 983 nequeuntibus
1086 902 1255 976 servarent,
1278 899 1442 964 dormitan-

358 1010 404 1068 tes
426 1003 506 1067 idem
528 1003 707 1067 vocabulum
731 1002 942 1067 adscriberent.

404 1105 476 1192 Cap.
507 1110 557 1170 10.
602 1108 711 1172 “Here
740 1130 795 1192 quo
815 1107 956 1189 facilius
984 1106 1130 1190 Pompejo
1156 1105 1279 1185 probari
1300 1112 1442 1187 pomerei,

360 1231 456 1272 omues
477 1231 549 1271 ruer
570 1215 726 1273 terrestres
749 1210 924 1294 urbiumque
946 1210 1048 1293 copies
1068 1205 1288 1271 dimissurum.''

404 1312 467 1376 Hie
489 1312 694 1398 Nipperde‘r'us
714 1335 768 1399 pro
791 1313 986 1396 “urbiumque
1008 1298 1444 1395 eopiur''ponit“uuviuueque

360 1413 492 1500 copiae?
511 1437 604 1500 quum
624 1414 784 1480 “urbium''
812 1421 842 1480 el
865 1412 1062 1479 “terrestres’'
1078 1413 1137 1478 sibi
1154 1414 1284 1478 invicem
1296 1415 1444 1479 nonsatis

359 1520 497 1606 opposite
527 1522 655 1605 putaret.
701 1517 817 1582 Verum
846 1520 915 1603 quis
946 1520 1088 1594 affirmat,
1110 1516 1266 1581 Gaesarem
1288 1516 1362 1582 haee
1385 1517 1445 1582 sibi

356 1623 495 1709 opposita
518 1623 691 1707 cogitasse?
716 1621 824 1686 deinde
845 1642 919 1685 num
941 1621 1051 1684 Latine
1073 1625 1154 1684 recle
1173 1620 1309 1698 dicatur,
1327 1620 1443 1685 dubito.

357 1727 392 1789 Si
421 1724 572 1811 legeretur
602 1725 727 1787 ueueler
758 1725 876 1804 rupuar,
900 1723 1109 1801 concederem,
1132 1724 1158 1787 si
1181 1723 1301 1787 codices
1324 1723 1445 1788 addice
1504 1708 1507 1715 ¹

357 1833 441 1908 reni3
472 1849 554 1891 nuno
587 1849 672 1903 vero,
703 1827 798 1891 donee
829 1827 937 1891 melius
960 1827 1086 1891 edoctus
1109 1849 1176 1903 ero,
1198 1827 1315 1890 retineo
1337 1826 1445 1913 vulga-

358 1937 429 1995 tam.
473 1931 582 1995 Innuii
612 1931 721 1996 Caesar
751 1931 900 2016 praesidia
930 1931 1052 1995 urbium
1074 1932 1107 1994 iu
1131 1929 1244 1994 finibus
1266 1930 1445 2016 Apollonia-

359 2035 453 2111 tium,
476 2034 651 2119 prueseriim
673 2035 899 2098 maritimarum.
945 2035 990 2098 Ar
1012 2033 1131 2097 navales
1155 2032 1259 2119 copiae
1280 2054 1342 2096 non
1364 2035 1445 2099 tenti

359 2144 461 2215 erant,
483 2143 520 2202 ui
542 2161 592 2202 eos
616 2143 867 2203 commemoraret.

402 2241 473 2326 Cap.
498 2245 548 2305 19.
593 2242 800 2325 “Responsum
828 2246 873 2304 err
903 2239 940 2302 eb
970 2239 1069 2302 altere
1085 2246 1195 2323 uerte„
1215 2243 1254 2304 Α.
1284 2240 1444 2306 Varronem

354 2345 508 2430 profiteri,
531 2367 563 2409 ee
584 2383 629 2394 --
650 2352 823 2422 uenturum,
845 2350 937 2428 etque
957 2366 1020 2406 uua
1042 2344 1149 2423 etiem,
1171 2345 1321 2430 uiriuque
1344 2346 1445 2408 admo-

357 2450 427 2511 duru
450 2455 515 2512 luto
539 2448 634 2533 leqo'tr'
654 2450 757 2513 ueur're
778 2454 808 2512 el
832 2470 909 2532 quoe
930 2447 1043 2511 uellent
1062 2469 1205 2531 reponere
1217 2434 1362 2532 porrenl3
1382 2470 1444 2513 eer-

349 2560 477 2637 tumque
498 2557 531 2617 ei·
549 2559 597 2616 re'r'
617 2560 732 2634 lemures
754 2548 975 2616 constituemur?

403 2656 504 2719 Locus
533 2660 578 2718 est
605 2659 635 2718 ei
657 2660 744 2719 euleu
766 2660 797 2718 et
818 2658 923 2718 nostra
945 2658 1041 2718 aetate
1063 2676 1081 2718 a
1103 2655 1210 2722 multis
1233 2659 1385 2735 teutolus,
1407 2660 1444 2720 ut

359 2758 461 2821 videre
481 2757 555 2821 lieet
577 2760 657 2843 apud
680 2757 932 2843 Oudendorpium
951 2761 981 2821 et
1001 2758 1189 2843 Herzogium
1209 2781 1256 2824 vv.
1277 2759 1314 2824 ol.
1334 2759 1412 2824 adh.
1424 2759 1444 2823 l.

345 2893 351 2938 ι
411 2861 549 2925 Offendii
571 2862 622 2923 uu·
644 2882 699 2946 pro
723 2883 778 2945 quo
801 2862 951 2946 positum,
970 2860 1052 2945 quod
1070 2883 1108 2924 ex
1127 2861 1290 2925 Petaviano
1312 2864 1447 2947 margine

360 2965 394 3028 in
422 2967 541 3029 textum
562 2963 743 3028 translatum
765 2967 819 3027 esi.
864 2960 1009 3026 “Etiam''
1033 2964 1135 3027 estin
1157 2963 1306 3050 plerisque
1329 2966 1444 3029 oodioi-

359 3067 430 3147 bus3
454 3068 485 3130 in
509 3066 608 3132 tribus
627 3089 697 3131 vero
716 3066 830 3152 legitur
847 3062 943 3134 “uie''
966 3065 1060 3130 Porro
1071 3088 1131 3130 vox
1150 3065 1346 3131 “admodum''
1357 3067 1445 3154 plane

359 3176 405 3236 esi
439 3194 658 3257 supervacanea
691 3172 783 3255 idque
809 3172 871 3255 jam
901 3169 1020 3256 pridem
1052 3171 1110 3235 viri
1141 3171 1224 3235 docti
1251 3172 1394 3236 viderunt
1416 3176 1447 3236 et

358 3298 453 3361 nuper
480 3276 570 3339 eliam
592 3274 738 3361 Eberling
759 3274 879 3359 aliique.
915 3272 1038 3338 Medico
1060 3276 1157 3361 igitur
1176 3275 1250 3340 huie
1269 3274 1337 3340 loco
1356 3298 1447 3360 quam

359 3379 488 3441 maxime
517 3400 593 3464 opus
623 3383 677 3443 est.
722 3380 761 3442 Iu
790 3378 848 3443 hoc
873 3400 949 3442 uero
978 3377 1114 3463 plerique
1137 3380 1349 3455 consentiunt,
1370 3379 1445 3443 Cae-

360 3502 454 3544 sarem
476 3478 506 3543 lr.
525 3480 545 3542 l.
567 3481 702 3545 indicare
724 3483 870 3547 voluisse:
895 3483 1098 3554 constitutum
1118 3505 1197 3560 esse,
1217 3484 1385 3549 Varronem
1408 3484 1446 3548 ad

361 3582 546 3667 colloquium
573 3587 732 3647 venturum
756 3589 787 3647 et
809 3584 901 3648 simul
924 3590 1027 3648 uotum
1049 3607 1113 3648 esse
1136 3588 1173 3650 de
1195 3586 1280 3665 loeo,
1304 3589 1338 3651 in
1357 3609 1446 3671 quem

360 3687 453 3773 legali
483 3685 695 3763 convenireni3
725 3686 861 3769 sequitur
887 3687 968 3749 enim
998 3694 1075 3768 “quo
1098 3710 1187 3770 quum
1210 3696 1286 3752 erret
1308 3689 1447 3753 ueuruu’

360 3795 391 3855 et
424 3797 614 3874 “ceruumque
652 3794 686 3853 e'r'
719 3794 767 3851 re‘r'
803 3794 918 3871 demque
954 3788 1166 3851 constituite?
1197 3792 1279 3876 quod
1310 3793 1346 3857 de
1378 3794 1446 3860 loeo

357 3894 421 3980 jam
445 3894 643 3960 convenisset.
688 3893 797 3976 Itaque
821 3891 943 3978 vulgate
965 3889 1102 3975 proxime
1120 3913 1137 3955 a
1156 3914 1224 3958 vero
1244 3896 1344 3961 abesse
1362 3899 1447 3962 vide-

360 4005 428 4078 tur;
450 3999 502 4063 sed
524 3999 577 4062 udr'
598 3997 722 4062 retineri
745 4018 807 4060 non
829 4018 916 4083 posse
940 4016 1054 4060 censeo.
1084 3992 1155 4061 Etsi
1178 3999 1259 4064 enim
1280 4001 1359 4087 apud
1372 4000 1446 4066 an-

362 4123 457 4166 sarem
478 4124 541 4167 uuo
563 4102 631 4165 loco
653 4102 689 4165 B.
712 4099 748 4165 Ο.
771 4104 799 4165 2.
823 4088 853 4164 9.
876 4098 1023 4186 legimus,
1046 4098 1119 4162 “Ne
1137 4101 1213 4185 quid
1228 4103 1448 4181 eminerem&

361 4205 444 4288 e’qur‘r
473 4207 680 4269 adhaerescere
696 4202 818 4288 porret''
837 4206 870 4268 in
894 4225 956 4289 quo
979 4203 1102 4268 verbum
1130 4206 1271 4270 movendi
1292 4206 1448 4274 notionem
1476 4201 1484 4220 ”

361 4308 470 4373 habere
493 4309 644 4385 videatur,
671 4308 719 4372 vel
742 4308 787 4371 sie
810 4312 911 4372 tumen
933 4307 1027 4372 nimis
1050 4305 1159 4372 dubiae
1180 4301 1373 4376 auctofiuris
1394 4311 1406 4378 i
1450 4293 1459 4310 ἢ

361 4413 448 4478 loeus
471 4415 533 4490 esi,
554 4411 729 4497 praesertim
751 4432 844 4495 quum
866 4432 1015 4496 nusquam
1040 4409 1113 4477 olibi
1130 4408 1204 4475 haee
1221 4409 1368 4498 loquendi
1384 4487 1401 4502 ,ἡ
1420 4399 1431 4424 ”

363 4515 446 4583 mula
468 4515 548 4603 apud
571 4514 726 4580 Caesarem
748 4515 931 4581 invenietur.
1389 4515 1400 4542 ·“
