3609 5450
1631 475 1987 534 ...495—

712 661 1033 726 “Jaameris
1054 639 1291 724 tau—tum
1315 656 1587 723 exstare''
1628 661 1979 746 significant
2023 656 2268 722 maximi
2303 664 2555 725 conatus
2600 661 2888 748 exiguum

731 767 1046 842 effectum3
1093 764 1324 849 reliqua
1370 786 1404 826 a
1440 760 1639 826 verbis
1677 764 1821 825 “sed
1856 768 2050 824 tamen
2068 758 2117 838 ,⁹⁹
2153 761 2483 846 pertinacia
2504 767 2565 826 et
2589 762 2893 829 alacritate

722 868 992 932 militum
1053 889 1206 953 opus
1270 872 1394 932 tam
1453 866 1814 930 festinanter
1869 887 1937 929 eo
1982 865 2335 950 perductum
2355 913 2371 938 ‚
2415 869 2487 928 ut
2532 866 2751 932 vadum
2795 868 2893 929 in-

726 973 1050 1035 veniretur.

815 1073 1081 1138 Tandem
1120 1071 1423 1157 quomodo
1462 1070 1760 1157 particula
1795 1091 1945 1148 nou,
1987 1068 2150 1153 quod
2187 1067 2459 1155 plerique
2503 1071 2741 1136 codices
2786 1071 2893 1136 ha-

726 1179 901 1256 bent,
947 1179 1012 1242 in
1059 1181 1296 1242 textum
1342 1176 1557 1240 venit?
1607 1175 1803 1240 Credo
1850 1194 2049 1238 errore
2092 1172 2458 1260 legentium,
2504 1177 2609 1259 qui
2656 1180 2893 1239 senten-

722 1284 870 1345 tiam
932 1303 1056 1345 non
1101 1281 1250 1344 satis
1297 1283 1576 1365 caperent
1625 1283 1685 1343 et
1731 1300 1918 1363 aeque
1963 1300 2031 1341 ac
2077 1278 2323 1361 quidam
2368 1280 2719 1364 posterioris
2764 1279 2894 1344 aevi

722 1385 1080 1469 interpretes
1146 1383 1476 1468 posteriore
1545 1381 1764 1468 capitis
1835 1384 2002 1466 parte
2072 1381 2401 1467 significari
2469 1383 2863 1468 opinarentur
2879 1432 2896 1460 ‚

722 1488 992 1551 Caesaris
1052 1487 1276 1551 milites
1312 1487 1646 1550 ‚incassum
1704 1489 2019 1570 tantopere
2083 1485 2361 1563 sudasse.
2416 1487 2702 1570 quoniam
2744 1509 2898 1572 pons

720 1591 990 1656 hostium
1036 1595 1192 1654 esset
1237 1588 1550 1653 absolutus
1595 1593 1774 1674 atque
1818 1588 2137 1653 Afraniani
2183 1590 2534 1668 evaderent,
2579 1596 2898 1675 antequam

720 1694 1064 1759 Caesariani
1128 1693 1387 1756 Sicorim
1447 1694 1705 1758 transire
1765 1698 2030 1779 possent.
2119 1693 2336 1776 Itaque
2399 1693 2899 1781 Oudendorpium

722 1809 972 1882 sequor,
1016 1796 1107 1859 sic
1153 1794 1489 1881 legentem:

811 1900 1091 1961 “Summo
1139 1898 1337 1960 labore
1379 1897 1647 1960 militum
1699 1899 1924 1960 Caesar
1945 1935 2034 1945 —
2063 1897 2179 1960 hue
2198 1900 2344 1980 jam
2378 1899 2720 1963 deduxerat
2754 1922 2900 1977 rem,

721 2009 793 2066 ut
855 2004 1114 2088 equites,
1174 2003 1291 2064 etsi
1346 2001 1673 2085 difficulter
1718 2006 1899 2084 atque
1944 2022 2117 2083 aeyre
2149 2001 2377 2085 fiebat,
2409 2009 2658 2084 possent
2700 2010 2900 2067 tamen

724 2112 905 2190 atque
956 2107 1246 2169 auderent
1268 2104 1512 2188 'flumeu
1560 2105 1852 2182 transire,
1886 2104 2130 2186 pedites
2173 2126 2309 2167 vero
2348 2108 2751 2169 tautummodo
2787 2107 2899 2169 lcu-

722 2211 901 2274 meris
962 2231 1035 2273 ac
1088 2229 1310 2272 summo
1359 2214 1601 2291 pectore
1657 2213 1903 2271 exstare
1959 2213 2019 2271 et
2077 2230 2255 2292 quum
2300 2206 2632 2272 altitudine
2675 2231 2870 2294 aquae
2885 2258 2901 2285 ‚

723 2320 870 2376 tum·
907 2313 1091 2375 etiam
1145 2311 1484 2394 rapiditate
1535 2310 1816 2394 fluminis
1861 2311 1947 2374 ad
1986 2312 2413 2376 transeundum
2453 2313 2900 2395 impedirentur.

723 2417 847 2480 Sed
887 2422 1084 2478 tamen
1100 2413 1136 2441 '⁹
1180 2415 1350 2500 reliq.
2657 2466 2670 2483 .

812 2519 906 2584 Cl.
928 2518 1341 2605 Nipperde‘ius
1373 2519 1436 2582 in
1478 2517 1730 2602 reliquis
1772 2517 2273 2604 Oudendorpium
2313 2524 2557 2583 secutus
2596 2521 2899 2585 “deduxe-

721 2621 857 2686 rat''
897 2623 1162 2686 mutavit
1201 2623 1268 2685 in
1305 2623 1634 2685 redu-verat
1655 2643 1676 2683 .·
1716 2620 1888 2705 quod
1928 2644 2053 2684 non
2090 2623 2269 2687 facile
2290 2607 2667 2693 adsciverim.
2728 2624 2898 2696 Quid

723 2728 884 2790 enim
922 2726 1086 2789 aliud
1132 2728 1407 2789 reducere
1453 2725 1792 2811 significat,
1836 2725 1958 2788 nisi
2003 2748 2123 2789 rem
2168 2728 2235 2789 iu
2258 2728 2594 2811 pristinam
2636 2729 2891 2791 conditi-

723 2852 887 2893 onem
952 2827 1310 2891 restituere?
1376 2828 1663 2910 ifflquod
1719 2826 1763 2891 h
1821 2828 1860 2891 1.
1907 2850 2030 2891 11011
2078 2831 2379 2893 convenit.
2468 2835 2669 2895 Antea
2729 2833 2890 2894 enim

719 2934 954 3020 pedites
1014 2932 1366 3016 equitesque
1417 2930 1652 2995 duobus
1697 2930 1987 3017 pontibus
2033 2932 2256 2995 flumen
2303 2933 2676 3010 transibant,
2722 2955 2889 2998 nunc

719 3058 894 3113 verO,
956 3040 1027 3099 ut
1088 3035 1241 3100 vado
1287 3034 1648 3112 transirent,
1693 3033 2062 3099 nitebantur.
2152 3027 2463 3099 Dedueere
2507 3040 2704 3103 autem
2751 3060 2891 3124 pro-

715 3142 847 3227 prie
885 3139 1168 3203 denotat:
1206 3134 1264 3201 ‘e
1327 3138 1449 3201 loco
1516 3138 1824 3220 superiore
1891 3138 1958 3200 iu
2011 3138 2277 3222 planum
2343 3140 2555 3204 ducere
2620 3147 2681 3204 et
2747 3143 2894 3226 quia

720 3246 894 3330 origo
936 3243 1196 3328 alicujus
1241 3250 1333 3306 re‘i'
1376 3243 1496 3305 fine
1541 3245 1635 3305 est
1681 3243 1983 3327 superior,
2030 3242 2442 3309 secundariam
2488 3245 2888 3331 significatio-

718 3369 853 3410 nem
899 3346 1112 3410 habet:
1159 3368 1280 3408 rem
1317 3346 1620 3429 quandam
1658 3346 1730 3408 ab
1769 3346 1953 3408 initio
1979 3350 2272 3431 perficere
2312 3329 2397 3411 a'd
2430 3352 2885 3433 emtumflnem,

719 3452 827 3536 qui
882 3450 1078 3515 verbis
1123 3452 1395 3536 proxime
1441 3450 1834 3534 sequentibus
1885 3451 2187 3516 definitur.
2253 3453 2471 3538 Itaque
2507 3460 2717 3519 nostro
2751 3455 2886 3518 loco

717 3553 900 3619 verbo
946 3554 1230 3616 deducere
1275 3552 1440 3615 aliud
1483 3553 1698 3617 melius
1724 3553 2017 3618 adhiberi
2064 3577 2188 3618 non
2233 3561 2449 3642 potest.
2541 3558 2776 3623 Milites
2818 3560 2885 3621 in

721 3657 1051 3748 avertendo
1101 3656 1352 3720 flumine
1410 3660 1581 3721 tanta
1643 3656 1954 3721 alacritate
1999 3663 2171 3722 erant
2215 3661 2312 3724 usi
2331 3708 2348 3738 ,
2391 3665 2464 3724 ut
2512 3662 2774 3726 multum
2818 3664 2886 3726 in

721 3782 898 3846 opere
946 3760 1314 3847 perficiendo
1367 3759 1816 3844 processissent.
1902 3761 2223 3825 Terminus
2269 3761 2345 3826 ad
2388 3785 2566 3847 quem
2611 3765 2652 3828 h
2697 3766 2736 3830 l.
2784 3766 2883 3829 de-

721 3865 996 3951 signatur
1041 3863 1270 3930 verbis:
1316 3869 1421 3925 “ut
1443 3861 1705 3947 equites''
1738 3864 1906 3948 reliq.
1950 3863 2176 3929 Eadem
2201 3866 2645 3953 significatione
2668 3869 2884 3935 Caesar

719 3968 837 4033 hoc
882 3968 1129 4034 verbum
1175 3966 1456 4032 adhibuit
1502 3968 1573 4031 B.
1611 3966 1681 4031 C.
1719 3966 1760 4030 1.
1802 3970 1837 4029 1
1891 3990 1940 4030 0.
1980 3972 2082 4031 86.

815 4073 1090 4138 “Paucis
1147 4065 1326 4158 quum
1385 4079 1538 4135 esset
1585 4061 1665 4134 ‘iu
1708 4076 2021 4157 utramque
2051 4079 2292 4157 partem
2340 4074 2745 4156 disputat-am,
2789 4096 2885 4136 res

718 4178 835 4241 hue
879 4178 1194 4240 deducitur
1209 4224 1224 4252 ‚
1265 4174 1373 4240 ut''
1418 4174 1585 4261 reliq.

810 4280 952 4365 Cap.
1001 4283 1104 4344 64.
1151 4279 1410 4343 “Prima
1434 4279 1564 4341 luce
1585 4316 1674 4326 —
1695 4276 2042 4342 cernebatur
2079 4280 2388 4365 equitatus
2420 4280 2616 4340 austri
2636 4278 2883 4364 praetia

715 4383 1070 4447 novissimos
1127 4383 1372 4447 illorum
1416 4382 1616 4465 premi
1673 4382 2045 4446 vehementer
2097 4405 2170 4449 ac
2220 4403 2656 4468 nunu-samam
2692 4404 2789 4464 sut⁴
2867 4389 2887 4404 “

714 4510 854 4552 nere
897 4494 1222 4553 extremum
1267 4508 1474 4572 aymen
1521 4492 1702 4584 atque
1745 4482 2050 4570 irrmpi.'’
