3609 5450
882 486 1058 550 -78-1-

429 677 604 757 antequam,
626 672 700 757 quid
724 671 882 756 antiquum
905 676 998 749 esset,
1022 669 1098 755 quid
1119 669 1339 736 recentioribus
1360 690 1508 760 gramma-

325 835 328 846 ,
429 776 501 841 ticis
525 775 680 840 deberetur
703 780 840 839 accurate
862 775 1028 853 novissem3
1051 779 1202 859 praeterea
1224 773 1339 837 scholia
1370 773 1407 838 ad
1433 775 1510 839 Ore-

429 884 522 944 steam
552 884 583 943 et
613 878 770 964 Supplices
800 880 843 942 ita
872 878 953 942 edita
982 881 1083 953 erant,
1109 879 1145 939 ut
1174 877 1280 959 quavis
1309 877 1371 941 fere
1400 877 1512 964 pagina

429 1003 516 1067 saepe
542 981 726 1057 dubitarem,
752 1003 826 1045 num
851 981 929 1045 forte
957 980 1081 1045 meliora
1110 984 1141 1043 et
1170 980 1336 1064 integriora
1362 979 1454 1046 editis
1476 982 1512 1046 in

429 1084 569 1149 Mediceo
599 1089 760 1149 exstarent.
805 1085 900 1148 Nunc
931 1106 1010 1149 nora
1038 1083 1172 1148 editione
1201 1083 1397 1167 antiquorum
1422 1083 1514 1148 scho-

427 1190 553 1266 liorum,
576 1210 667 1273 quam
689 1189 806 1252 curavit
829 1189 866 1252 G.
891 1187 1086 1265 Dindorfinsr,
1107 1191 1143 1251 nt
1166 1185 1204 1251 de
1224 1186 1273 1250 his
1295 1187 1406 1251 melius
1428 1187 1512 1253 iudi-

293 1337 298 1343 ·
428 1314 496 1358 care
517 1313 672 1378 possemus
695 1293 836 1356 effectum
858 1295 904 1356 est
917 1291 953 1377 1).
997 1290 1200 1375 Aliquatenus
1222 1312 1339 1356 summo
1357 1293 1423 1356 viro
1440 1313 1512 1378 prc-

428 1397 493 1462 bari
509 1417 585 1480 quae
607 1396 680 1459 olim
704 1394 740 1458 de
762 1393 888 1460 scholiis
911 1417 1118 1481 exposueram,
1140 1395 1239 1459 laetus
1260 1395 1333 1459 inde
1354 1394 1513 1488 intellexi,

426 1499 509 1585 quod
539 1502 652 1585 partem
682 1498 893 1584 praefationis,
922 1520 983 1583 qna
1010 1499 1047 1563 de
1076 1499 1194 1586 origine
1220 1503 1251 1563 et
1280 1499 1399 1563 ratione
1420 1498 1513 1563 scho-

427 1603 539 1668 liorum
567 1602 711 1687 exposui,
744 1603 775 1665 in
811 1624 898 1666 suum
932 1602 1044 1666 librum
1077 1602 1198 1688 recepit.
1243 1600 1290 1666 of.
1319 1603 1384 1666 eins
1411 1602 1511 1667 Praei.

427 1729 456 1794 p.
479 1704 682 1768 VIII-xv.

471 1808 616 1874 Editione
645 1807 743 1894 igitur
774 1805 929 1871 Dindorfii
960 1807 1092 1893 primum
1118 1805 1286 1885 lucramur,
1316 1808 1398 1892 quod
1429 1812 1540 1874 certo

426 1912 560 1976 indicare
581 1933 757 1999 possumus,
779 1932 855 1994 quae
885 1908 1000 1975 scholia
1023 1909 1147 1994 antiqua
1169 1910 1249 1988 sint,
1270 1910 1335 1976 sive
1357 1916 1426 1976 ante
1447 1912 1513 1998 By-

427 2015 567 2080 zantinos
590 2016 775 2102 conscripta3
798 2014 878 2098 quod
901 2036 964 2078 non
987 2014 1133 2101 exignum
1155 2014 1274 2079 lucrum
1296 2015 1512 2099 est,quoniam

426 2120 518 2183 istam
546 2119 742 2205 farraginem,
771 2139 860 2202 quam
882 2117 1063 2182 recentiores
1085 2118 1250 2202 Byamtini
1279 2124 1512 2206 congesserunt,

427 2223 493 2287 sine
514 2222 694 2287 detrimento
717 2221 871 2308 negligere
893 2244 1068 2309 possumus3
1090 2245 1161 2286 nam
1184 2227 1319 2308 apparet,
1335 2222 1390 2287 hos
1407 2244 1513 2288 recen-

427 2328 520 2392 tiores
542 2347 604 2389 non
627 2327 768 2409 antiquos
790 2326 889 2390 fontes
906 2324 1046 2390 habuisse
1061 2331 1178 2414 praeter
1189 2325 1368 2391 Mediceum.
1390 2326 1513 2417 Deinde

427 2430 548 2519 planius
580 2429 642 2493 iam
676 2429 713 2493 de
745 2429 820 2515 ipsis
851 2430 984 2514 antiquis
1018 2427 1149 2496 scholiis,
1174 2430 1262 2514 (quae
1288 2430 1326 2494 ad
1348 2429 1512 2495 nonnullas

426 2533 543 2599 fabulas
576 2533 640 2597 sola
673 2531 847 2618 supersunt)
881 2532 1017 2597 iudicare
1051 2554 1227 2619 possumus3
1256 2534 1331 2597 item
1360 2533 1413 2599 ubi
1435 2556 1511 2621 opus

426 2637 533 2715 fuerit,
560 2635 663 2701 sordes
692 2639 722 2699 et
750 2635 825 2700 vitia
853 2657 990 2702 amovere
1012 2630 1101 2722 (quae
1121 2658 1170 2701 me
1190 2636 1293 2701 iudice
1315 2638 1388 2702 satis
1414 2637 1514 2702 multa

426 2741 569 2825 adsunt),
592 2740 741 2826 siqnidem
762 2763 845 2805 nunc
875 2763 938 2805 non
965 2741 1128 2807 verendum
1150 2746 1211 2820 est,
1233 2764 1272 2808 ne
1292 2741 1513 2808 recentioribus

426 2844 560 2911 inventis
583 2866 671 2931 opera
692 2848 796 2910 nostra
814 2845 901 2909 irrita
919 2846 1077 2926 reddatur,
1096 2868 1256 2933 possumus
1271 2847 1345 2911 item
1364 2846 1514 2925 iudicare,

427 2955 530 3015 utrum
560 2948 650 3015 verba
680 2955 800 3036 poetae,
828 2970 906 3034 quae
934 2949 1111 3015 scholiastes
1141 2950 1303 3037 explicuit,
1332 2973 1365 3014 ea
1386 2950 1513 3029 fuerint,

426 3074 502 3137 qnae
523 3054 557 3117 in
579 3053 718 3117 Mediceo
740 3051 894 3138 legantur,
917 3075 955 3116 an
975 3052 1040 3118 alia
1074 3052 1211 3126 Quodsi
1231 3052 1383 3117 videbitur
1399 3052 1513 3135 ubique

425 3155 507 3220 idem
538 3154 664 3241 legisse,
694 3154 825 3219 Medicei
856 3175 976 3238 quoque
1009 3154 1131 3218 Scholia
1161 3155 1199 3218 ad
1232 3155 1325 3218 crisin
1358 3154 1512 3240 negligere

424 3259 600 3345 poterimus.
633 3255 732 3320 Aliter
754 3277 825 3321 vero
846 3254 925 3320 hauc
946 3278 1010 3321 rem
1032 3279 1063 3321 se
1085 3256 1205 3333 habere,
1226 3255 1283 3321 hac
1306 3257 1512 3343 disputatione

423 3359 587 3449 apparebit.
632 3359 692 3424 Sed
722 3364 810 3424 antea
831 3360 977 3443 quaedam
999 3358 1036 3424 de
1057 3358 1189 3424 Scholiis
1210 3358 1260 3424 his
1281 3361 1315 3426 in
1337 3362 1513 3427 universum

425 3463 555 3530 dicenda
579 3466 660 3527 suut.
896 3475 901 3482 ·

470 3568 520 3634 De
540 3566 657 3632 ratione
681 3564 956 3651 interpretationis,
977 3586 1068 3649 quam
1097 3564 1283 3631 Scholiastes
1305 3571 1427 3633 secutus
1450 3574 1511 3646 est,

425 3692 489 3735 non
511 3675 573 3748 est,
593 3670 675 3755 quod
696 3668 804 3734 multis
826 3668 884 3733 hoc
907 3670 975 3734 loeo
998 3669 1158 3755 disputem.
1203 3669 1370 3735 Continent
1389 3669 1512 3737 Scholia

426 3773 629 3839 Laurentiana
652 3774 708 3857 (ita
729 3773 810 3837 enim
831 3778 993 3859 praeeunte
1013 3771 1175 3851 Elmsleio,
1192 3774 1246 3857 qui
1265 3796 1303 3838 ex
1320 3774 1424 3838 eodem
1442 3774 1510 3841 MS.
1535 3799 1542 3820 ·

425 3877 550 3943 Scholia
579 3876 740 3963 Sophoclis
769 3876 881 3953 edidit,
902 3875 977 3941 haec
1000 3875 1148 3963 appellare
1173 3876 1265 3963 malo)
1289 3878 1419 3964 vestigia
1439 3878 1511 3943 sub·

424 3983 489 4047 acti
517 3980 624 4046 iudicii
655 3986 686 4044 et
715 3979 894 4045 eruditionis
926 3980 976 4065 (cf.
1008 3981 1045 4044 ad
1075 3980 1162 4046 Eum.
1192 3985 1227 4057 2,
1250 3985 1286 4057 8,
1310 3986 1346 4058 9,
1369 3985 1428 4060 11,
1454 3985 1511 4060 13,

422 4217 428 4222 -
461 4187 486 4245 1)
503 4184 598 4235 Scholia
616 4184 707 4232 Graeca
724 4180 760 4243 (in
777 4182 925 4246 Aeschylum)
942 4198 972 4232 er
987 4167 1105 4234 ccdicibeoe
1123 4189 1195 4233 aucta
1210 4189 1235 4233 et
1250 4185 1382 4235 maaca.
1408 4186 1509 4245 Oeonii,

429 4249 508 4316 rasa
535 4265 625 4316 nerea
646 4264 685 4313 ue
705 4266 781 4313 amus
806 4266 840 4312 aa
865 4263 985 4324 ausona,
1008 4280 1066 4329 qua
1091 4264 1236 4315 armatu:
1251 4269 1366 4333 nexam.
1399 4267 1511 4331 marta

432 4347 576 4411 tragoediae
601 4345 738 4411 superstites
769 4349 792 4393 et
821 4344 996 4408 deperditarum
1012 4346 1153 4411 fragmenta
1177 4360 1207 4395 ee
1231 4349 1365 4397 recensione
1394 4349 1422 4398 G.
1447 4348 1510 4397 Din-

427 4428 508 4493 dorfii.
525 4430 540 4475 3
556 4428 630 4477 Tomi.
653 4426 738 4476 Oxouii
754 4441 767 4474 e
783 4425 941 4491 typographec
957 4425 1107 4485 Academico,
1118 4426 1289 4480 lasa-1851.
1311 4429 1428 4480 Secundus
1435 4432 1510 4479 tomm

424 4508 585 4559 moncons
601 4507 711 4558 continet.
728 4505 821 4556 Primae
838 4505 924 4557 iterum
940 4506 1014 4557 editus
1030 4508 1065 4556 ast
1078 4522 1100 4557 a.
1119 4506 1192 4559 1851.
