<?xml version="1.0" encoding="UTF-8"?>
<!DOCTYPE html PUBLIC "-//W3C//DTD XHTML 1.0 Transitional//EN"
    "http://www.w3.org/TR/xhtml1/DTD/xhtml1-transitional.dtd">
<html xmlns="http://www.w3.org/1999/xhtml" xml:lang="en" lang="en">
 <head>
  <title>
</title>
<meta http-equiv="Content-Type" content="text/html;charset=utf-8" />
  <meta name='ocr-system' content='tesseract 3.04.00' />
  <meta name='ocr-capabilities' content='ocr_page ocr_carea ocr_par ocr_line ocrx_word'/>
</head>
<body>
  <div class='ocr_page' id='page_1' title='image "./miscellaneaphil00gymngoog_0039.png"; bbox 0 0 3609 5450; ppageno 0'>
   <div class='ocr_carea' id='block_1_1' title="bbox 813 468 990 529">
    <p class='ocr_par' dir='ltr' id='par_1_1' title="bbox 813 468 990 529">
     <span class='ocr_line' id='line_1_1' title="bbox 813 468 990 529; baseline -0.017 -15"><span class='ocrx_word' id='word_1_1' title='bbox 813 468 990 529; x_wconf 79' lang='grc'>...33-</span> 
     </span>
    </p>
   </div>
   <div class='ocr_carea' id='block_1_2' title="bbox 357 651 1474 3200">
    <p class='ocr_par' dir='ltr' id='par_1_2' title="bbox 357 651 1474 3200">
     <span class='ocr_line' id='line_1_2' title="bbox 357 651 1436 749; baseline -0.005 -28"><span class='ocrx_word' id='word_1_2' title='bbox 357 658 437 721; x_wconf 82' lang='lat' dir='ltr'>idem</span> <span class='ocrx_word' id='word_1_3' title='bbox 462 657 575 721; x_wconf 81' lang='lat' dir='ltr'><strong>Noster</strong></span> <span class='ocrx_word' id='word_1_4' title='bbox 598 655 671 719; x_wconf 83' lang='lat' dir='ltr'>olibi</span> <span class='ocrx_word' id='word_1_5' title='bbox 694 654 803 739; x_wconf 85' lang='lat' dir='ltr'>possim</span> <span class='ocrx_word' id='word_1_6' title='bbox 825 653 935 718; x_wconf 79' lang='lat' dir='ltr'>diserte</span> <span class='ocrx_word' id='word_1_7' title='bbox 956 651 1050 749; x_wconf 67' lang='lat' dir='ltr'>trudit</span> <span class='ocrx_word' id='word_1_8' title='bbox 1070 654 1100 716; x_wconf 83' lang='lat' dir='ltr'><em>et</em></span> <span class='ocrx_word' id='word_1_9' title='bbox 1118 652 1212 738; x_wconf 85' lang='lat' dir='ltr'>Regis</span> <span class='ocrx_word' id='word_1_10' title='bbox 1231 657 1261 716; x_wconf 86' lang='lat' dir='ltr'><em>et</em></span> <span class='ocrx_word' id='word_1_11' title='bbox 1281 654 1436 717; x_wconf 83' lang='lat' dir='ltr'>Persarum</span> 
     </span>
     <span class='ocr_line' id='line_1_3' title="bbox 358 755 1438 846; baseline -0.005 -22"><span class='ocrx_word' id='word_1_12' title='bbox 358 783 467 824; x_wconf 85' lang='lat' dir='ltr'>uxores</span> <span class='ocrx_word' id='word_1_13' title='bbox 502 765 532 824; x_wconf 91' lang='lat' dir='ltr'><em>et</em></span> <span class='ocrx_word' id='word_1_14' title='bbox 563 760 686 846; x_wconf 88' lang='lat' dir='ltr'>pellices</span> <span class='ocrx_word' id='word_1_15' title='bbox 708 759 743 821; x_wconf 90' lang='lat' dir='ltr'><em>in</em></span> <span class='ocrx_word' id='word_1_16' title='bbox 765 756 960 838; x_wconf 75' lang='grc' dir='ltr'><em>ἁρμαμὰξαις</em></span> <span class='ocrx_word' id='word_1_17' title='bbox 982 755 1068 834; x_wconf 84' lang='lat' dir='ltr'>vehi3</span> <span class='ocrx_word' id='word_1_18' title='bbox 1091 755 1188 819; x_wconf 89' lang='lat' dir='ltr'>veluti</span> <span class='ocrx_word' id='word_1_19' title='bbox 1210 758 1243 818; x_wconf 93' lang='lat' dir='ltr'><em>in</em></span> <span class='ocrx_word' id='word_1_20' title='bbox 1263 758 1316 821; x_wconf 85' lang='lat' dir='ltr'>vit.</span> <span class='ocrx_word' id='word_1_21' title='bbox 1334 755 1438 821; x_wconf 80' lang='lat' dir='ltr'>Them.</span> 
     </span>
     <span class='ocr_line' id='line_1_4' title="bbox 359 858 1439 941; baseline -0.004 -14"><span class='ocrx_word' id='word_1_22' title='bbox 359 864 475 928; x_wconf 86' lang='lat' dir='ltr'>XXVI</span> <span class='ocrx_word' id='word_1_23' title='bbox 504 869 564 928; x_wconf 82' lang='grc' dir='ltr'><em>Τοῦ</em></span> <span class='ocrx_word' id='word_1_24' title='bbox 594 862 775 941; x_wconf 80' lang='grc' dir='ltr'><em>βαρβαρικοῦ</em></span> <span class='ocrx_word' id='word_1_25' title='bbox 807 862 904 938; x_wconf 75' lang='grc' dir='ltr'><em>γένους</em></span> <span class='ocrx_word' id='word_1_26' title='bbox 927 861 961 924; x_wconf 81' lang='grc' dir='ltr'><em>τὸ</em></span> <span class='ocrx_word' id='word_1_27' title='bbox 983 861 1059 924; x_wconf 85' lang='grc' dir='ltr'><em>πολὺ</em></span> <span class='ocrx_word' id='word_1_28' title='bbox 1081 858 1130 924; x_wconf 80' lang='grc' dir='ltr'><em>καί</em></span> <span class='ocrx_word' id='word_1_29' title='bbox 1154 859 1291 938; x_wconf 83' lang='grc' dir='ltr'><em>μὰλιττα</em></span> <span class='ocrx_word' id='word_1_30' title='bbox 1313 859 1345 925; x_wconf 78' lang='grc' dir='ltr'><em>τί</em></span> <span class='ocrx_word' id='word_1_31' title='bbox 1368 872 1439 940; x_wconf 87' lang='grc' dir='ltr'><em>Περ-</em></span> 
     </span>
     <span class='ocr_line' id='line_1_5' title="bbox 359 961 1439 1046; baseline -0.002 -17"><span class='ocrx_word' id='word_1_32' title='bbox 359 967 436 1030; x_wconf 78' lang='grc' dir='ltr'><em>σικῖν</em></span> <span class='ocrx_word' id='word_1_33' title='bbox 467 969 506 1038; x_wconf 82' lang='grc' dir='ltr'><em>εἷς</em></span> <span class='ocrx_word' id='word_1_34' title='bbox 536 965 712 1046; x_wconf 75' lang='grc' dir='ltr'><em>ζηλοτυπίαν</em></span> <span class='ocrx_word' id='word_1_35' title='bbox 742 966 794 1039; x_wconf 80' lang='grc' dir='ltr'><em>την</em></span> <span class='ocrx_word' id='word_1_36' title='bbox 824 966 886 1044; x_wconf 79' lang='grc' dir='ltr'><em>περὶ</em></span> <span class='ocrx_word' id='word_1_37' title='bbox 916 965 972 1035; x_wconf 90' lang='grc' dir='ltr'><em>τὰς</em></span> <span class='ocrx_word' id='word_1_38' title='bbox 995 969 1138 1041; x_wconf 70' lang='grc' dir='ltr'><em>γυναῖκας</em></span> <span class='ocrx_word' id='word_1_39' title='bbox 1160 961 1259 1042; x_wconf 80' lang='grc' dir='ltr'><em>ἁχριον</em></span> <span class='ocrx_word' id='word_1_40' title='bbox 1279 964 1368 1045; x_wconf 78' lang='grc' dir='ltr'><em>Φύσει</em></span> <span class='ocrx_word' id='word_1_41' title='bbox 1390 965 1439 1027; x_wconf 79' lang='grc' dir='ltr'><em>καί</em></span> 
     </span>
     <span class='ocr_line' id='line_1_6' title="bbox 359 1063 1440 1149; baseline -0.004 -16"><span class='ocrx_word' id='word_1_42' title='bbox 359 1070 496 1149; x_wconf 84' lang='grc' dir='ltr'><em>χαλεπόν</em></span> <span class='ocrx_word' id='word_1_43' title='bbox 527 1072 612 1135; x_wconf 87' lang='grc' dir='ltr'><em>ε’στιν·</em></span> <span class='ocrx_word' id='word_1_44' title='bbox 643 1071 674 1132; x_wconf 82' lang='grc' dir='ltr'><em>οὐ</em></span> <span class='ocrx_word' id='word_1_45' title='bbox 705 1070 764 1149; x_wconf 79' lang='grc' dir='ltr'><em>χὰρ</em></span> <span class='ocrx_word' id='word_1_46' title='bbox 794 1067 876 1145; x_wconf 83' lang='grc' dir='ltr'><em>μίνον</em></span> <span class='ocrx_word' id='word_1_47' title='bbox 899 1069 955 1139; x_wconf 85' lang='grc' dir='ltr'><em>τὰς</em></span> <span class='ocrx_word' id='word_1_48' title='bbox 971 1067 1112 1146; x_wconf 79' lang='grc' dir='ltr'><em>χαμετὰς</em></span> <span class='ocrx_word' id='word_1_49' title='bbox 1135 1067 1218 1130; x_wconf 87' lang='grc' dir='ltr'><em>ἁλλὰ</em></span> <span class='ocrx_word' id='word_1_50' title='bbox 1241 1063 1291 1129; x_wconf 86' lang='grc' dir='ltr'><em>καί</em></span> <span class='ocrx_word' id='word_1_51' title='bbox 1313 1067 1368 1137; x_wconf 89' lang='grc' dir='ltr'><em>τὰς</em></span> <span class='ocrx_word' id='word_1_52' title='bbox 1391 1070 1440 1145; x_wconf 90' lang='grc' dir='ltr'><em>ἁρ-</em></span> 
     </span>
     <span class='ocr_line' id='line_1_7' title="bbox 360 1167 1442 1253; baseline -0.005 -16"><span class='ocrx_word' id='word_1_53' title='bbox 360 1173 535 1251; x_wconf 80' lang='grc' dir='ltr'><em>χυριονητους</em></span> <span class='ocrx_word' id='word_1_54' title='bbox 558 1172 607 1235; x_wconf 82' lang='grc' dir='ltr'><em>καί</em></span> <span class='ocrx_word' id='word_1_55' title='bbox 630 1171 893 1249; x_wconf 71' lang='grc' dir='ltr'><em>παλλακευομένας</em></span> <span class='ocrx_word' id='word_1_56' title='bbox 917 1173 1041 1249; x_wconf 79' lang='grc' dir='ltr'><em>ἰσχυρῶς</em></span> <span class='ocrx_word' id='word_1_57' title='bbox 1063 1168 1357 1253; x_wconf 74' lang='grc' dir='ltr'><em>παραφυλὰττουσιν,</em></span> <span class='ocrx_word' id='word_1_58' title='bbox 1379 1167 1442 1232; x_wconf 75' lang='grc' dir='ltr'><em>ῶσύ</em></span> 
     </span>
     <span class='ocr_line' id='line_1_8' title="bbox 361 1272 1443 1356; baseline -0.003 -18"><span class='ocrx_word' id='word_1_59' title='bbox 361 1275 416 1338; x_wconf 76' lang='grc' dir='ltr'><em>ὑπὸ</em></span> <span class='ocrx_word' id='word_1_60' title='bbox 438 1275 554 1352; x_wconf 76' lang='grc' dir='ltr'><em>μηδενὸς</em></span> <span class='ocrx_word' id='word_1_61' title='bbox 579 1275 696 1356; x_wconf 81' lang='grc' dir='ltr'><em>ῶρὰσίαι</em></span> <span class='ocrx_word' id='word_1_62' title='bbox 718 1280 774 1338; x_wconf 92' lang='grc' dir='ltr'><em>τῶν</em></span> <span class='ocrx_word' id='word_1_63' title='bbox 796 1274 894 1348; x_wconf 81' lang='grc' dir='ltr'><em>ἐκτὸς,</em></span> <span class='ocrx_word' id='word_1_64' title='bbox 915 1274 985 1336; x_wconf 88' lang='grc' dir='ltr'><em>ἁλλ’</em></span> <span class='ocrx_word' id='word_1_65' title='bbox 1007 1272 1072 1336; x_wconf 82' lang='grc' dir='ltr'><em>οἴκοι</em></span> <span class='ocrx_word' id='word_1_66' title='bbox 1095 1273 1148 1350; x_wconf 81' lang='grc' dir='ltr'><em>μὲν</em></span> <span class='ocrx_word' id='word_1_67' title='bbox 1170 1272 1332 1337; x_wconf 81' lang='grc' dir='ltr'><em>διαιτῶσύαι</em></span> <span class='ocrx_word' id='word_1_68' title='bbox 1349 1295 1443 1337; x_wconf 91' lang='grc' dir='ltr'><em>κατα-</em></span> 
     </span>
     <span class='ocr_line' id='line_1_9' title="bbox 362 1364 1444 1457; baseline -0.001 -16"><span class='ocrx_word' id='word_1_69' title='bbox 362 1378 584 1455; x_wconf 79' lang='grc' dir='ltr'><em>κεκλεισμένας,</em></span> <span class='ocrx_word' id='word_1_70' title='bbox 609 1379 637 1441; x_wconf 85' lang='grc' dir='ltr'><em>ἐν</em></span> <span class='ocrx_word' id='word_1_71' title='bbox 668 1377 698 1440; x_wconf 75' lang='grc' dir='ltr'><em>δὲ</em></span> <span class='ocrx_word' id='word_1_72' title='bbox 727 1383 794 1447; x_wconf 90' lang='grc' dir='ltr'><em>ταῖς</em></span> <span class='ocrx_word' id='word_1_73' title='bbox 817 1375 982 1456; x_wconf 72' lang='grc' dir='ltr'><em>ὁδοιπορίαις</em></span> <span class='ocrx_word' id='word_1_74' title='bbox 1005 1375 1059 1438; x_wconf 76' lang='grc' dir='ltr'><em>ὑπὸ</em></span> <span class='ocrx_word' id='word_1_75' title='bbox 1079 1375 1186 1450; x_wconf 86' lang='grc' dir='ltr'><em>σκηνὰς</em></span> <span class='ocrx_word' id='word_1_76' title='bbox 1208 1364 1306 1455; x_wconf 88' lang='grc' dir='ltr'><em>κύκλῳ</em></span> <span class='ocrx_word' id='word_1_77' title='bbox 1328 1399 1444 1457; x_wconf 87' lang='grc' dir='ltr'><em>περιπε-</em></span> 
     </span>
     <span class='ocr_line' id='line_1_10' title="bbox 362 1477 1443 1561; baseline -0.003 -17"><span class='ocrx_word' id='word_1_78' title='bbox 362 1481 540 1561; x_wconf 72' lang='grc' dir='ltr'><em>φραγμένας</em></span> <span class='ocrx_word' id='word_1_79' title='bbox 567 1481 614 1544; x_wconf 79' lang='grc' dir='ltr'><em>ε’πῖ</em></span> <span class='ocrx_word' id='word_1_80' title='bbox 645 1485 701 1544; x_wconf 91' lang='grc' dir='ltr'><em>τῶν</em></span> <span class='ocrx_word' id='word_1_81' title='bbox 728 1478 913 1559; x_wconf 74' lang='grc' dir='ltr'><em>ἁρμαμαξῶν</em></span> <span class='ocrx_word' id='word_1_82' title='bbox 943 1480 1084 1558; x_wconf 78' lang='grc' dir='ltr'><em>ὀχεῖσθαι·</em></span> <span class='ocrx_word' id='word_1_83' title='bbox 1116 1480 1149 1541; x_wconf 93' lang='lat' dir='ltr'><em>iu</em></span> <span class='ocrx_word' id='word_1_84' title='bbox 1179 1477 1208 1542; x_wconf 93' lang='lat' dir='ltr'><em>h.</em></span> <span class='ocrx_word' id='word_1_85' title='bbox 1238 1480 1294 1544; x_wconf 89' lang='lat' dir='ltr'>vit.</span> <span class='ocrx_word' id='word_1_86' title='bbox 1324 1501 1348 1543; x_wconf 87' lang='lat' dir='ltr'><em>c.</em></span> <span class='ocrx_word' id='word_1_87' title='bbox 1371 1479 1403 1541; x_wconf 78' lang='lat' dir='ltr'>V</span> <span class='ocrx_word' id='word_1_88' title='bbox 1427 1483 1443 1554; x_wconf 78' lang='grc' dir='ltr'><strong><em>ἡ</em></strong></span> 
     </span>
     <span class='ocr_line' id='line_1_11' title="bbox 363 1581 1443 1669; baseline -0.002 -20"><span class='ocrx_word' id='word_1_89' title='bbox 363 1594 415 1659; x_wconf 76' lang='grc' dir='ltr'><em>πῶς</em></span> <span class='ocrx_word' id='word_1_90' title='bbox 434 1584 570 1661; x_wconf 67' lang='grc' dir='ltr'><em>γυναικὸς</em></span> <span class='ocrx_word' id='word_1_91' title='bbox 588 1583 753 1663; x_wconf 78' lang='grc' dir='ltr'><em>Στατείρας</em></span> <span class='ocrx_word' id='word_1_92' title='bbox 772 1581 943 1664; x_wconf 77' lang='grc' dir='ltr'><em>ἁρμὰμαξα</em></span> <span class='ocrx_word' id='word_1_93' title='bbox 961 1583 1021 1647; x_wconf 82' lang='grc' dir='ltr'><em>κτὲ.</em></span> <span class='ocrx_word' id='word_1_94' title='bbox 1041 1583 1074 1645; x_wconf 90' lang='lat' dir='ltr'><em>in</em></span> <span class='ocrx_word' id='word_1_95' title='bbox 1094 1583 1172 1668; x_wconf 93' lang='lat' dir='ltr'>Opp.</span> <span class='ocrx_word' id='word_1_96' title='bbox 1193 1581 1272 1645; x_wconf 92' lang='lat' dir='ltr'>Mor.</span> <span class='ocrx_word' id='word_1_97' title='bbox 1292 1607 1320 1669; x_wconf 88' lang='lat' dir='ltr'><em>p.</em></span> <span class='ocrx_word' id='word_1_98' title='bbox 1339 1587 1412 1659; x_wconf 85' lang='grc'><strong>173,</strong></span> <span class='ocrx_word' id='word_1_99' title='bbox 1423 1584 1443 1647; x_wconf 90' lang='lat' dir='ltr'><em>f.</em></span> 
     </span>
     <span class='ocr_line' id='line_1_12' title="bbox 364 1671 1474 1768; baseline -0.002 -15"><span class='ocrx_word' id='word_1_100' title='bbox 364 1686 551 1768; x_wconf 72' lang='grc' dir='ltr'><em>Ἀρτοξέρξης</em></span> <span class='ocrx_word' id='word_1_101' title='bbox 575 1723 619 1733; x_wconf 89' lang='lat'><em>-—</em></span> <span class='ocrx_word' id='word_1_102' title='bbox 640 1689 693 1761; x_wconf 80' lang='grc' dir='ltr'><em>την</em></span> <span class='ocrx_word' id='word_1_103' title='bbox 715 1694 844 1764; x_wconf 72' lang='grc' dir='ltr'><em>γυναῖκα</em></span> <span class='ocrx_word' id='word_1_104' title='bbox 862 1687 915 1760; x_wconf 79' lang='grc' dir='ltr'><em>την</em></span> <span class='ocrx_word' id='word_1_105' title='bbox 934 1685 1056 1762; x_wconf 78' lang='grc' dir='ltr'><em>χνησίαν</em></span> <span class='ocrx_word' id='word_1_106' title='bbox 1078 1685 1212 1749; x_wconf 79' lang='grc' dir='ltr'><em>ἐκέλευσε</em></span> <span class='ocrx_word' id='word_1_107' title='bbox 1234 1694 1286 1760; x_wconf 80' lang='grc' dir='ltr'><em>τῶς</em></span> <span class='ocrx_word' id='word_1_108' title='bbox 1302 1686 1445 1765; x_wconf 92' lang='grc' dir='ltr'><em>ἁρμαμὰ-</em></span> <span class='ocrx_word' id='word_1_109' title='bbox 1471 1671 1474 1678; x_wconf 42' lang='grc'><strong>’</strong></span> 
     </span>
     <span class='ocr_line' id='line_1_13' title="bbox 363 1788 1445 1871; baseline -0.01 -5"><span class='ocrx_word' id='word_1_110' title='bbox 363 1790 416 1866; x_wconf 67' lang='grc' dir='ltr'><em>ἕλος</em></span> <span class='ocrx_word' id='word_1_111' title='bbox 436 1792 492 1862; x_wconf 82' lang='grc' dir='ltr'><em>τὰς</em></span> <span class='ocrx_word' id='word_1_112' title='bbox 512 1790 641 1862; x_wconf 81' lang='grc' dir='ltr'><em>αὐλαίας</em></span> <span class='ocrx_word' id='word_1_113' title='bbox 661 1799 800 1871; x_wconf 80' lang='grc' dir='ltr'><em>περιελεῖν</em></span> <span class='ocrx_word' id='word_1_114' title='bbox 823 1788 898 1861; x_wconf 72' lang='grc' dir='ltr'><em>ὅπως</em></span> <span class='ocrx_word' id='word_1_115' title='bbox 921 1790 946 1853; x_wconf 80' lang='grc' dir='ltr'><em>οἱ</em></span> <span class='ocrx_word' id='word_1_116' title='bbox 969 1789 1091 1867; x_wconf 75' lang='grc' dir='ltr'><em>δεόμενοι</em></span> <span class='ocrx_word' id='word_1_117' title='bbox 1114 1791 1196 1855; x_wconf 86' lang='grc' dir='ltr'><em>κατὰ</em></span> <span class='ocrx_word' id='word_1_118' title='bbox 1211 1790 1332 1864; x_wconf 77' lang='grc' dir='ltr'><em>τηνὸδὸν</em></span> <span class='ocrx_word' id='word_1_119' title='bbox 1344 1792 1445 1867; x_wconf 77' lang='grc' dir='ltr'><em>ἐντυχ-</em></span> 
     </span>
     <span class='ocr_line' id='line_1_14' title="bbox 363 1892 1446 1978; baseline 0.001 -22"><span class='ocrx_word' id='word_1_120' title='bbox 363 1893 488 1974; x_wconf 80' lang='grc' dir='ltr'><em>χὰνιοσι.</em></span> <span class='ocrx_word' id='word_1_121' title='bbox 519 1893 611 1964; x_wconf 74' lang='lat' dir='ltr'>Quod</span> <span class='ocrx_word' id='word_1_122' title='bbox 630 1899 759 1957; x_wconf 83' lang='lat' dir='ltr'>testatur</span> <span class='ocrx_word' id='word_1_123' title='bbox 778 1893 950 1978; x_wconf 84' lang='lat' dir='ltr'>Xenophon</span> <span class='ocrx_word' id='word_1_124' title='bbox 968 1894 1081 1978; x_wconf 88' lang='lat' dir='ltr'>etipse</span> <span class='ocrx_word' id='word_1_125' title='bbox 1101 1892 1240 1957; x_wconf 84' lang='lat' dir='ltr'>vehicula</span> <span class='ocrx_word' id='word_1_126' title='bbox 1258 1894 1446 1957; x_wconf 81' lang='lat' dir='ltr'>Persicorum</span> 
     </span>
     <span class='ocr_line' id='line_1_15' title="bbox 365 1992 1448 2084; baseline 0.001 -24"><span class='ocrx_word' id='word_1_127' title='bbox 365 1997 525 2062; x_wconf 83' lang='lat' dir='ltr'>mulierum</span> <span class='ocrx_word' id='word_1_128' title='bbox 546 1992 731 2076; x_wconf 76' lang='grc' dir='ltr'><em>ἁρμαμὰξας</em></span> <span class='ocrx_word' id='word_1_129' title='bbox 750 1996 903 2083; x_wconf 86' lang='lat' dir='ltr'>appellens</span> <span class='ocrx_word' id='word_1_130' title='bbox 926 1995 1075 2084; x_wconf 14' lang='lat' dir='ltr'>inlAnetb.</span> <span class='ocrx_word' id='word_1_131' title='bbox 1092 1997 1126 2073; x_wconf 89' lang='lat' dir='ltr'><em>I,</em></span> <span class='ocrx_word' id='word_1_132' title='bbox 1149 2000 1185 2072; x_wconf 75' lang='grc' dir='ltr'><em>ῶ,</em></span> <span class='ocrx_word' id='word_1_133' title='bbox 1198 2001 1249 2060; x_wconf 88' lang='grc'><em>16.</em></span> <span class='ocrx_word' id='word_1_134' title='bbox 1261 1998 1448 2076; x_wconf 84' lang='grc' dir='ltr'><em>παρελαύνων</em></span> 
     </span>
     <span class='ocr_line' id='line_1_16' title="bbox 365 2097 1446 2182; baseline 0 -19"><span class='ocrx_word' id='word_1_135' title='bbox 365 2103 415 2182; x_wconf 74' lang='grc' dir='ltr'><em>ἐφ’</em></span> <span class='ocrx_word' id='word_1_136' title='bbox 449 2099 579 2180; x_wconf 86' lang='grc' dir='ltr'><em>ἁρματος</em></span> <span class='ocrx_word' id='word_1_137' title='bbox 601 2106 690 2180; x_wconf 80' lang='grc' dir='ltr'><em>Κῦρος</em></span> <span class='ocrx_word' id='word_1_138' title='bbox 712 2100 761 2163; x_wconf 81' lang='grc' dir='ltr'><em>καί</em></span> <span class='ocrx_word' id='word_1_139' title='bbox 786 2103 802 2176; x_wconf 80' lang='grc' dir='ltr'><em>η</em></span> <span class='ocrx_word' id='word_1_140' title='bbox 825 2098 953 2164; x_wconf 86' lang='grc' dir='ltr'><em>Κίλισσα</em></span> <span class='ocrx_word' id='word_1_141' title='bbox 975 2101 1025 2180; x_wconf 77' lang='grc' dir='ltr'><em>ἐφ’</em></span> <span class='ocrx_word' id='word_1_142' title='bbox 1047 2097 1238 2178; x_wconf 76' lang='grc' dir='ltr'><em>ἁρμαμὰξης·</em></span> <span class='ocrx_word' id='word_1_143' title='bbox 1262 2098 1335 2162; x_wconf 88' lang='lat' dir='ltr'><strong>ibid.</strong></span> <span class='ocrx_word' id='word_1_144' title='bbox 1359 2102 1446 2182; x_wconf 58' lang='lat'><em>§18</em></span> 
     </span>
     <span class='ocr_line' id='line_1_17' title="bbox 366 2201 1449 2289; baseline 0.001 -21"><span class='ocrx_word' id='word_1_145' title='bbox 366 2203 384 2278; x_wconf 76' lang='grc' dir='ltr'><em>ίί</em></span> <span class='ocrx_word' id='word_1_146' title='bbox 406 2229 440 2268; x_wconf 89' lang='grc' dir='ltr'><em>τε</em></span> <span class='ocrx_word' id='word_1_147' title='bbox 462 2204 589 2269; x_wconf 88' lang='grc' dir='ltr'><em>Κίλισσα</em></span> <span class='ocrx_word' id='word_1_148' title='bbox 612 2205 723 2285; x_wconf 71' lang='grc' dir='ltr'><em>ἔφυγεν</em></span> <span class='ocrx_word' id='word_1_149' title='bbox 747 2206 779 2268; x_wconf 84' lang='grc' dir='ltr'><em>ἐκ</em></span> <span class='ocrx_word' id='word_1_150' title='bbox 801 2211 854 2277; x_wconf 77' lang='grc' dir='ltr'><em>τῶς</em></span> <span class='ocrx_word' id='word_1_151' title='bbox 877 2201 1069 2284; x_wconf 67' lang='grc' dir='ltr'><em>ἁρμαμάξης·</em></span> <span class='ocrx_word' id='word_1_152' title='bbox 1093 2205 1127 2266; x_wconf 89' lang='lat' dir='ltr'><em>in</em></span> <span class='ocrx_word' id='word_1_153' title='bbox 1150 2202 1259 2289; x_wconf 74' lang='lat' dir='ltr'>Cyrop,</span> <span class='ocrx_word' id='word_1_154' title='bbox 1282 2202 1449 2281; x_wconf 76' lang='lat' dir='ltr'>V11‚3,s.</span> 
     </span>
     <span class='ocr_line' id='line_1_18' title="bbox 368 2305 1449 2388; baseline 0 -17"><span class='ocrx_word' id='word_1_155' title='bbox 368 2310 457 2371; x_wconf 78' lang='grc' dir='ltr'><em>αὐτοῦ</em></span> <span class='ocrx_word' id='word_1_156' title='bbox 489 2310 505 2381; x_wconf 80' lang='grc' dir='ltr'><em>η</em></span> <span class='ocrx_word' id='word_1_157' title='bbox 529 2309 602 2383; x_wconf 75' lang='grc' dir='ltr'><em>γυνη</em></span> <span class='ocrx_word' id='word_1_158' title='bbox 625 2309 781 2385; x_wconf 79' lang='grc' dir='ltr'><em>ἁνελομένη</em></span> <span class='ocrx_word' id='word_1_159' title='bbox 803 2307 852 2371; x_wconf 76' lang='grc' dir='ltr'><em>τῶν</em></span> <span class='ocrx_word' id='word_1_160' title='bbox 875 2307 967 2388; x_wconf 79' lang='grc' dir='ltr'><em>νεκρὸν</em></span> <span class='ocrx_word' id='word_1_161' title='bbox 990 2305 1039 2370; x_wconf 80' lang='grc' dir='ltr'><em>καί</em></span> <span class='ocrx_word' id='word_1_162' title='bbox 1063 2306 1192 2384; x_wconf 69' lang='grc' dir='ltr'><em>ἐνθεμένη</em></span> <span class='ocrx_word' id='word_1_163' title='bbox 1216 2309 1256 2378; x_wconf 79' lang='grc' dir='ltr'><em>εἷς</em></span> <span class='ocrx_word' id='word_1_164' title='bbox 1279 2308 1330 2380; x_wconf 79' lang='grc' dir='ltr'><em>την</em></span> <span class='ocrx_word' id='word_1_165' title='bbox 1352 2305 1449 2386; x_wconf 83' lang='grc' dir='ltr'><em>ἁρμῶ-</em></span> 
     </span>
     <span class='ocr_line' id='line_1_19' title="bbox 367 2408 1450 2497; baseline 0.001 -23"><span class='ocrx_word' id='word_1_166' title='bbox 367 2409 487 2490; x_wconf 80' lang='grc' dir='ltr'><em>μαξαν,</em></span> <span class='ocrx_word' id='word_1_167' title='bbox 530 2413 558 2475; x_wconf 81' lang='grc' dir='ltr'><em>ἐν</em></span> <span class='ocrx_word' id='word_1_168' title='bbox 592 2408 663 2492; x_wconf 71' lang='grc' dir='ltr'><em>ᾗπερ</em></span> <span class='ocrx_word' id='word_1_169' title='bbox 697 2413 773 2486; x_wconf 77' lang='grc' dir='ltr'><em>αὐτη</em></span> <span class='ocrx_word' id='word_1_170' title='bbox 808 2415 923 2492; x_wconf 88' lang='grc' dir='ltr'><em>ῶχεῖτο.</em></span> <span class='ocrx_word' id='word_1_171' title='bbox 969 2411 1146 2497; x_wconf 87' lang='lat' dir='ltr'>Legendum</span> <span class='ocrx_word' id='word_1_172' title='bbox 1179 2411 1276 2495; x_wconf 81' lang='lat' dir='ltr'>igitur</span> <span class='ocrx_word' id='word_1_173' title='bbox 1308 2408 1360 2474; x_wconf 90' lang='lat' dir='ltr'><em>hic</em></span> <span class='ocrx_word' id='word_1_174' title='bbox 1394 2413 1450 2483; x_wconf 90' lang='grc' dir='ltr'><em>τὰς</em></span> 
     </span>
     <span class='ocr_line' id='line_1_20' title="bbox 367 2513 1449 2595; baseline 0.001 -16"><span class='ocrx_word' id='word_1_175' title='bbox 367 2517 409 2595; x_wconf 90' lang='grc' dir='ltr'><em>ἁρ</em></span> <span class='ocrx_word' id='word_1_176' title='bbox 414 2538 466 2593; x_wconf 92' lang='grc' dir='ltr'><em>μα</em></span> <span class='ocrx_word' id='word_1_177' title='bbox 471 2513 605 2593; x_wconf 76' lang='grc' dir='ltr'><em>μὰξας.</em></span> <span class='ocrx_word' id='word_1_178' title='bbox 629 2552 674 2562; x_wconf 89' lang='lat'><em>—-</em></span> <span class='ocrx_word' id='word_1_179' title='bbox 697 2516 757 2579; x_wconf 82' lang='lat' dir='ltr'><em>sed</em></span> <span class='ocrx_word' id='word_1_180' title='bbox 770 2516 895 2578; x_wconf 82' lang='lat' dir='ltr'>alterum</span> <span class='ocrx_word' id='word_1_181' title='bbox 908 2517 1002 2578; x_wconf 83' lang='lat' dir='ltr'>restat</span> <span class='ocrx_word' id='word_1_182' title='bbox 1014 2515 1154 2578; x_wconf 84' lang='lat' dir='ltr'>mendum</span> <span class='ocrx_word' id='word_1_183' title='bbox 1166 2514 1343 2579; x_wconf 88' lang='lat' dir='ltr'>tollendum.</span> <span class='ocrx_word' id='word_1_184' title='bbox 1367 2514 1449 2580; x_wconf 83' lang='lat' dir='ltr'><em>Nam</em></span> 
     </span>
     <span class='ocr_line' id='line_1_21' title="bbox 367 2617 1450 2700; baseline -0.002 -17"><span class='ocrx_word' id='word_1_185' title='bbox 367 2619 480 2683; x_wconf 83' lang='lat' dir='ltr'>Graece</span> <span class='ocrx_word' id='word_1_186' title='bbox 509 2618 630 2700; x_wconf 85' lang='lat' dir='ltr'>quidem</span> <span class='ocrx_word' id='word_1_187' title='bbox 662 2618 776 2682; x_wconf 89' lang='lat' dir='ltr'>dicitur</span> <span class='ocrx_word' id='word_1_188' title='bbox 805 2622 858 2681; x_wconf 83' lang='lat' dir='ltr'><em>aut</em></span> <span class='ocrx_word' id='word_1_189' title='bbox 888 2617 936 2681; x_wconf 80' lang='grc' dir='ltr'><em>ε’πῖ</em></span> <span class='ocrx_word' id='word_1_190' title='bbox 967 2623 1022 2681; x_wconf 90' lang='grc' dir='ltr'><em>τῶν</em></span> <span class='ocrx_word' id='word_1_191' title='bbox 1051 2617 1235 2698; x_wconf 78' lang='grc' dir='ltr'><em>ἁρμαμαξῶν</em></span> <span class='ocrx_word' id='word_1_192' title='bbox 1257 2622 1310 2681; x_wconf 86' lang='lat' dir='ltr'><em>out</em></span> <span class='ocrx_word' id='word_1_193' title='bbox 1333 2620 1361 2681; x_wconf 85' lang='grc' dir='ltr'><em>ἐν</em></span> <span class='ocrx_word' id='word_1_194' title='bbox 1384 2626 1450 2691; x_wconf 91' lang='grc' dir='ltr'><em>ταῖς</em></span> 
     </span>
     <span class='ocr_line' id='line_1_22' title="bbox 368 2717 1452 2808; baseline 0 -23"><span class='ocrx_word' id='word_1_195' title='bbox 368 2719 563 2802; x_wconf 77' lang='grc' dir='ltr'><em>ἁρμαμὰξαις</em></span> <span class='ocrx_word' id='word_1_196' title='bbox 593 2720 767 2800; x_wconf 84' lang='grc' dir='ltr'><em>κομίζεσίαι.</em></span> <span class='ocrx_word' id='word_1_197' title='bbox 814 2721 878 2786; x_wconf 92' lang='lat' dir='ltr'><em>Hic</em></span> <span class='ocrx_word' id='word_1_198' title='bbox 909 2725 1008 2786; x_wconf 81' lang='lat' dir='ltr'>autem</span> <span class='ocrx_word' id='word_1_199' title='bbox 1038 2744 1093 2808; x_wconf 89' lang='lat' dir='ltr'><em>pro</em></span> <span class='ocrx_word' id='word_1_200' title='bbox 1123 2725 1172 2803; x_wconf 77' lang='grc' dir='ltr'><em>ἐφ’</em></span> <span class='ocrx_word' id='word_1_201' title='bbox 1194 2717 1241 2793; x_wconf 77' lang='grc' dir='ltr'><em>αῖς</em></span> <span class='ocrx_word' id='word_1_202' title='bbox 1271 2719 1395 2785; x_wconf 78' lang='lat' dir='ltr'>scribito</span> <span class='ocrx_word' id='word_1_203' title='bbox 1418 2722 1452 2785; x_wconf 84' lang='grc' dir='ltr'><em>ἐν</em></span> 
     </span>
     <span class='ocr_line' id='line_1_23' title="bbox 369 2819 1451 2906; baseline 0.001 -19"><span class='ocrx_word' id='word_1_204' title='bbox 369 2819 426 2893; x_wconf 79' lang='grc' dir='ltr'><em>αῖς</em></span> <span class='ocrx_word' id='word_1_205' title='bbox 450 2825 469 2886; x_wconf 95' lang='lat' dir='ltr'><em>i.</em></span> <span class='ocrx_word' id='word_1_206' title='bbox 490 2847 514 2888; x_wconf 87' lang='lat' dir='ltr'><em>e.</em></span> <span class='ocrx_word' id='word_1_207' title='bbox 537 2827 592 2906; x_wconf 76' lang='grc' dir='ltr'><em>ἐφ’</em></span> <span class='ocrx_word' id='word_1_208' title='bbox 615 2820 656 2887; x_wconf 81' lang='grc' dir='ltr'><em>ῶν</em></span> <span class='ocrx_word' id='word_1_209' title='bbox 687 2826 753 2888; x_wconf 82' lang='grc' dir='ltr'><em>ὑπὸ</em></span> <span class='ocrx_word' id='word_1_210' title='bbox 781 2825 915 2899; x_wconf 87' lang='grc' dir='ltr'><em>σκηνὰς</em></span> <span class='ocrx_word' id='word_1_211' title='bbox 943 2824 1062 2905; x_wconf 82' lang='grc' dir='ltr'><em>κύκλῳ</em></span> <span class='ocrx_word' id='word_1_212' title='bbox 1089 2823 1451 2905; x_wconf 75' lang='grc' dir='ltr'><em>περιπὲφραχμέναι</em></span> 
     </span>
     <span class='ocr_line' id='line_1_24' title="bbox 360 2925 1449 3013; baseline 0 -23"><span class='ocrx_word' id='word_1_213' title='bbox 360 2925 541 3006; x_wconf 83' lang='grc' dir='ltr'><em>κομίζονται.</em></span> <span class='ocrx_word' id='word_1_214' title='bbox 589 2927 681 2998; x_wconf 74' lang='lat' dir='ltr'>Quod</span> <span class='ocrx_word' id='word_1_215' title='bbox 715 2928 794 3013; x_wconf 87' lang='lat' dir='ltr'>apud</span> <span class='ocrx_word' id='word_1_216' title='bbox 827 2925 1061 3012; x_wconf 78' lang='lat' dir='ltr'>Xenophontem</span> <span class='ocrx_word' id='word_1_217' title='bbox 1092 2930 1125 2992; x_wconf 91' lang='lat' dir='ltr'><em>in</em></span> <span class='ocrx_word' id='word_1_218' title='bbox 1154 2927 1251 2992; x_wconf 73' lang='lat' dir='ltr'>Anab,</span> <span class='ocrx_word' id='word_1_219' title='bbox 1280 2929 1314 3006; x_wconf 90' lang='grc' dir='ltr'><em>Ι,</em></span> <span class='ocrx_word' id='word_1_220' title='bbox 1345 2934 1382 3004; x_wconf 77' lang='lat'><em>2,</em></span> <span class='ocrx_word' id='word_1_221' title='bbox 1409 2931 1449 2991; x_wconf 90' lang='grc'><em>16</em></span> 
     </span>
     <span class='ocr_line' id='line_1_25' title="bbox 368 3028 1452 3117; baseline 0 -24"><span class='ocrx_word' id='word_1_222' title='bbox 368 3028 498 3116; x_wconf 81' lang='lat' dir='ltr'>legimus</span> <span class='ocrx_word' id='word_1_223' title='bbox 528 3034 577 3113; x_wconf 78' lang='grc' dir='ltr'><em>ἐφ’</em></span> <span class='ocrx_word' id='word_1_224' title='bbox 603 3030 785 3111; x_wconf 77' lang='grc' dir='ltr'><em>ἁρμαμὰξης</em></span> <span class='ocrx_word' id='word_1_225' title='bbox 814 3032 968 3117; x_wconf 85' lang='lat' dir='ltr'>signifieat</span> <span class='ocrx_word' id='word_1_226' title='bbox 990 3034 1105 3110; x_wconf 67' lang='grc' dir='ltr'><em>’γυμνῆς</em></span> <span class='ocrx_word' id='word_1_227' title='bbox 1128 3036 1183 3096; x_wconf 92' lang='grc' dir='ltr'><em>τῶν</em></span> <span class='ocrx_word' id='word_1_228' title='bbox 1209 3030 1452 3112; x_wconf 79' lang='grc' dir='ltr'><em>παραπετασμὰ·</em></span> 
     </span>
     <span class='ocr_line' id='line_1_26' title="bbox 369 3157 434 3200; baseline 0.015 -1"><span class='ocrx_word' id='word_1_229' title='bbox 369 3157 434 3200; x_wconf 82' lang='grc' dir='ltr'><em>τιον.</em></span> 
     </span>
    </p>
   </div>
   <div class='ocr_carea' id='block_1_3' title="bbox 867 3315 962 3377">
    <p class='ocr_par' dir='ltr' id='par_1_3' title="bbox 867 3315 962 3377">
     <span class='ocr_line' id='line_1_27' title="bbox 867 3315 962 3377; baseline -0.011 0"><span class='ocrx_word' id='word_1_230' title='bbox 867 3315 887 3377; x_wconf 91' lang='lat' dir='ltr'><em>l.</em></span> <span class='ocrx_word' id='word_1_231' title='bbox 913 3319 962 3377; x_wconf 78' lang='lat'><em>26.</em></span> 
     </span>
    </p>
   </div>
   <div class='ocr_carea' id='block_1_4' title="bbox 367 3542 1457 4449">
    <p class='ocr_par' dir='ltr' id='par_1_4' title="bbox 367 3542 1455 3832">
     <span class='ocr_line' id='line_1_28' title="bbox 414 3542 1454 3630; baseline 0.006 -23"><span class='ocrx_word' id='word_1_232' title='bbox 414 3542 471 3607; x_wconf 83' lang='grc' dir='ltr'><em>Καί</em></span> <span class='ocrx_word' id='word_1_233' title='bbox 502 3552 561 3615; x_wconf 89' lang='grc' dir='ltr'><em>τοῖς</em></span> <span class='ocrx_word' id='word_1_234' title='bbox 592 3547 646 3622; x_wconf 82' lang='grc' dir='ltr'><em>μὲν</em></span> <span class='ocrx_word' id='word_1_235' title='bbox 679 3545 780 3619; x_wconf 77' lang='grc' dir='ltr'><em>ἄλλοις</em></span> <span class='ocrx_word' id='word_1_236' title='bbox 815 3549 931 3626; x_wconf 49' lang='lat' dir='ltr'><em>{Buces</em></span> <span class='ocrx_word' id='word_1_237' title='bbox 950 3548 1115 3630; x_wconf 75' lang='grc' dir='ltr'><em>Τηρίβαζον</em></span> <span class='ocrx_word' id='word_1_238' title='bbox 1136 3550 1160 3612; x_wconf 72' lang='grc' dir='ltr'><em>δ’</em></span> <span class='ocrx_word' id='word_1_239' title='bbox 1183 3550 1329 3629; x_wconf 75' lang='grc' dir='ltr'><em>ἐψεύσατο</em></span> <span class='ocrx_word' id='word_1_240' title='bbox 1351 3550 1454 3626; x_wconf 72' lang='grc' dir='ltr'><em>γημας</em></span> 
     </span>
     <span class='ocr_line' id='line_1_29' title="bbox 372 3647 1455 3733; baseline 0.006 -22"><span class='ocrx_word' id='word_1_241' title='bbox 372 3647 460 3718; x_wconf 77' lang='grc' dir='ltr'><em>αὐτὸς</em></span> <span class='ocrx_word' id='word_1_242' title='bbox 483 3650 536 3722; x_wconf 78' lang='grc' dir='ltr'><em>την</em></span> <span class='ocrx_word' id='word_1_243' title='bbox 553 3647 736 3730; x_wconf 71' lang='grc' dir='ltr'><em>Ἄμηστριν,</em></span> <span class='ocrx_word' id='word_1_244' title='bbox 759 3652 823 3715; x_wconf 80' lang='grc' dir='ltr'><em>νῶτ’</em></span> <span class='ocrx_word' id='word_1_245' title='bbox 845 3652 952 3727; x_wconf 89' lang='grc' dir='ltr'><em>ε’κείνης</em></span> <span class='ocrx_word' id='word_1_246' title='bbox 974 3652 1003 3716; x_wconf 68' lang='grc' dir='ltr'><em>δὲ</em></span> <span class='ocrx_word' id='word_1_247' title='bbox 1019 3655 1058 3732; x_wconf 78' lang='grc' dir='ltr'><em>τῷ</em></span> <span class='ocrx_word' id='word_1_248' title='bbox 1074 3652 1229 3733; x_wconf 79' lang='grc' dir='ltr'><em>Τηριβὰζῳ</em></span> <span class='ocrx_word' id='word_1_249' title='bbox 1244 3655 1297 3727; x_wconf 80' lang='grc' dir='ltr'><em>την</em></span> <span class='ocrx_word' id='word_1_250' title='bbox 1312 3653 1455 3729; x_wconf 85' lang='grc' dir='ltr'><em>νεωτὰτην</em></span> 
     </span>
     <span class='ocr_line' id='line_1_30' title="bbox 367 3751 731 3832; baseline 0.005 -16"><span class='ocrx_word' id='word_1_251' title='bbox 367 3751 519 3817; x_wconf 84' lang='grc' dir='ltr'><em>’Άτοσσαν</em></span> <span class='ocrx_word' id='word_1_252' title='bbox 541 3754 731 3832; x_wconf 77' lang='grc' dir='ltr'><em>ε’νηχχύησεν.</em></span> 
     </span>
    </p>

    <p class='ocr_par' dir='ltr' id='par_1_5' title="bbox 374 3857 1457 4449">
     <span class='ocr_line' id='line_1_31' title="bbox 417 3857 1456 3947; baseline 0.005 -28"><span class='ocrx_word' id='word_1_253' title='bbox 417 3857 514 3921; x_wconf 85' lang='lat' dir='ltr'>NuHo</span> <span class='ocrx_word' id='word_1_254' title='bbox 545 3858 651 3923; x_wconf 86' lang='lat' dir='ltr'>codice</span> <span class='ocrx_word' id='word_1_255' title='bbox 679 3862 802 3922; x_wconf 82' lang='lat' dir='ltr'>auctore</span> <span class='ocrx_word' id='word_1_256' title='bbox 831 3857 968 3922; x_wconf 84' lang='lat' dir='ltr'>Sintenis</span> <span class='ocrx_word' id='word_1_257' title='bbox 998 3880 1052 3944; x_wconf 89' lang='lat' dir='ltr'><em>pro</em></span> <span class='ocrx_word' id='word_1_258' title='bbox 1079 3857 1203 3943; x_wconf 90' lang='lat' dir='ltr'>imperio</span> <span class='ocrx_word' id='word_1_259' title='bbox 1227 3861 1349 3947; x_wconf 85' lang='lat' dir='ltr'>scripsit</span> <span class='ocrx_word' id='word_1_260' title='bbox 1371 3864 1456 3937; x_wconf 78' lang='grc' dir='ltr'><em>ε’νηχ-</em></span> 
     </span>
     <span class='ocr_line' id='line_1_32' title="bbox 374 3959 1455 4049; baseline 0.003 -27"><span class='ocrx_word' id='word_1_261' title='bbox 374 3959 489 4034; x_wconf 79' lang='grc' dir='ltr'><em>χύησεν.</em></span> <span class='ocrx_word' id='word_1_262' title='bbox 535 3964 701 4049; x_wconf 85' lang='lat' dir='ltr'>Perperam.</span> <span class='ocrx_word' id='word_1_263' title='bbox 747 3963 856 4047; x_wconf 87' lang='lat' dir='ltr'>Neque</span> <span class='ocrx_word' id='word_1_264' title='bbox 895 3962 976 4025; x_wconf 90' lang='lat' dir='ltr'>enim</span> <span class='ocrx_word' id='word_1_265' title='bbox 1010 3961 1134 4025; x_wconf 86' lang='lat' dir='ltr'>verbum</span> <span class='ocrx_word' id='word_1_266' title='bbox 1168 3963 1311 4039; x_wconf 79' lang='grc' dir='ltr'><em>ἕνεχχυὰν</em></span> <span class='ocrx_word' id='word_1_267' title='bbox 1342 3968 1455 4038; x_wconf 82' lang='lat' dir='ltr'>exstat,</span> 
     </span>
     <span class='ocr_line' id='line_1_33' title="bbox 374 4052 1456 4151; baseline 0.005 -29"><span class='ocrx_word' id='word_1_268' title='bbox 374 4060 455 4124; x_wconf 84' lang='lat' dir='ltr'>undo</span> <span class='ocrx_word' id='word_1_269' title='bbox 487 4065 577 4130; x_wconf 83' lang='lat' dir='ltr'>istam</span> <span class='ocrx_word' id='word_1_270' title='bbox 611 4066 700 4130; x_wconf 78' lang='lat' dir='ltr'>modo</span> <span class='ocrx_word' id='word_1_271' title='bbox 735 4067 853 4130; x_wconf 86' lang='lat' dir='ltr'>Acristi</span> <span class='ocrx_word' id='word_1_272' title='bbox 886 4065 1011 4129; x_wconf 84' lang='lat' dir='ltr'>formam</span> <span class='ocrx_word' id='word_1_273' title='bbox 1044 4066 1176 4129; x_wconf 85' lang='lat' dir='ltr'>derivare</span> <span class='ocrx_word' id='word_1_274' title='bbox 1205 4089 1322 4151; x_wconf 88' lang='lat' dir='ltr'>posses:</span> <span class='ocrx_word' id='word_1_275' title='bbox 1352 4052 1456 4129; x_wconf 71' lang='lat' dir='ltr'>rerum</span> 
     </span>
     <span class='ocr_line' id='line_1_34' title="bbox 374 4162 1457 4247; baseline 0.006 -22"><span class='ocrx_word' id='word_1_276' title='bbox 374 4162 498 4229; x_wconf 88' lang='lat' dir='ltr'>verbum</span> <span class='ocrx_word' id='word_1_277' title='bbox 536 4172 650 4247; x_wconf 78' lang='grc' dir='ltr'><em>ε’χχυὰν</em></span> <span class='ocrx_word' id='word_1_278' title='bbox 687 4171 835 4234; x_wconf 83' lang='lat' dir='ltr'>Graecum</span> <span class='ocrx_word' id='word_1_279' title='bbox 870 4173 923 4232; x_wconf 89' lang='lat' dir='ltr'>est.</span> <span class='ocrx_word' id='word_1_280' title='bbox 969 4169 1056 4233; x_wconf 87' lang='lat' dir='ltr'>Libri</span> <span class='ocrx_word' id='word_1_281' title='bbox 1090 4174 1188 4233; x_wconf 84' lang='lat' dir='ltr'>autem</span> <span class='ocrx_word' id='word_1_282' title='bbox 1218 4170 1290 4233; x_wconf 87' lang='lat' dir='ltr'>dant</span> <span class='ocrx_word' id='word_1_283' title='bbox 1321 4167 1369 4232; x_wconf 85' lang='lat' dir='ltr'><em>vel</em></span> <span class='ocrx_word' id='word_1_284' title='bbox 1399 4171 1457 4232; x_wconf 90' lang='grc' dir='ltr'><em>ε’νε-</em></span> 
     </span>
     <span class='ocr_line' id='line_1_35' title="bbox 374 4267 1457 4361; baseline 0.006 -31"><span class='ocrx_word' id='word_1_285' title='bbox 374 4267 467 4344; x_wconf 76' lang='grc' dir='ltr'><em>χύησε</em></span> <span class='ocrx_word' id='word_1_286' title='bbox 490 4271 538 4335; x_wconf 90' lang='lat' dir='ltr'><em>vel</em></span> <span class='ocrx_word' id='word_1_287' title='bbox 561 4275 736 4354; x_wconf 70' lang='grc' dir='ltr'><em>ἐνεγγύησεν</em></span> <span class='ocrx_word' id='word_1_288' title='bbox 757 4275 825 4361; x_wconf 73' lang='lat' dir='ltr'>(og)</span> <span class='ocrx_word' id='word_1_289' title='bbox 847 4274 894 4340; x_wconf 88' lang='lat' dir='ltr'><em>vel</em></span> <span class='ocrx_word' id='word_1_290' title='bbox 915 4274 1079 4349; x_wconf 79' lang='grc' dir='ltr'><em>ε’νηχύησεν.</em></span> <span class='ocrx_word' id='word_1_291' title='bbox 1108 4273 1328 4358; x_wconf 86' lang='lat' dir='ltr'>Recipiendum</span> <span class='ocrx_word' id='word_1_292' title='bbox 1350 4273 1457 4357; x_wconf 89' lang='lat' dir='ltr'>utique</span> 
     </span>
     <span class='ocr_line' id='line_1_36' title="bbox 375 4371 536 4449; baseline -0.031 0"><span class='ocrx_word' id='word_1_293' title='bbox 375 4371 536 4449; x_wconf 55' lang='grc' dir='ltr'><em>ἐνεγύησεν.</em></span> 
     </span>
    </p>
   </div>
   <div class='ocr_carea' id='block_1_5' title="bbox 0 0 1836 5450">
    <p class='ocr_par' dir='ltr' id='par_1_6' title="bbox 0 0 1836 5450">
     <span class='ocr_line' id='line_1_37' title="bbox 0 0 1836 5450; baseline 0 0"><span class='ocrx_word' id='word_1_294' title='bbox 0 0 1836 5450; x_wconf 95' lang='lat' dir='ltr'><em> </em></span> 
     </span>
    </p>
   </div>
  </div>
 </body>
</html>
