3609 5450
816 474 997 558 ..43...=

362 683 557 747 disseramus:
580 703 656 765 quae
675 680 749 765 quid
768 679 797 744 h.
817 681 836 743 l.
860 681 1050 767 significent,
1070 679 1123 744 alii
1142 681 1279 745 viderint.
1314 666 1348 746 Si
1372 685 1453 748 scri·'

362 790 451 871 ptum
482 790 575 865 esset,
606 794 712 870 “quam
732 784 932 868 pacauerat?
956 808 1046 851 causa
1063 785 1193 848 indicari
1214 791 1327 870 posset,
1355 809 1448 851 cure

362 887 462 952 Gallia
493 889 595 974 copiae
618 889 655 951 ad
678 888 833 952 Caesarem
857 889 1069 967 mitterentur;
1090 910 1193 952 verum
1218 888 1355 953 additum
1377 914 1447 976 pro-

361 1014 472 1055 nomen
493 988 591 1073 “eleaew
614 1013 674 1075 quo
698 992 834 1068 referam,
852 1015 915 1056 non
938 992 1040 1057 habeo.
1075 991 1252 1075 Numquid
1276 992 1447 1070 differebat,

362 1100 466 1159 utrum
489 1095 554 1180 ipse
576 1116 612 1157 an
636 1116 688 1180 per
710 1094 827 1181 legatos
850 1096 989 1174 fecisset,
1011 1118 1106 1179 quum
1130 1096 1193 1179 ejus
1218 1095 1314 1180 copiis
1338 1102 1369 1160 ct
1391 1119 1446 1159 no-

362 1201 444 1263 mine
472 1199 536 1283 ejus
564 1197 694 1262 Galliam
722 1199 878 1264 subactam
901 1223 964 1264 esse
987 1200 1162 1263 constaret?
1205 1198 1320 1261 Contra
1342 1206 1447 1282 “quem

362 1306 426 1387 isam
442 1300 628 1387 peracerct''
652 1325 772 1368 sensum
799 1303 890 1368 habet
913 1305 1061 1390 optimum
1089 1303 1317 1388 explicaturque
1344 1305 1447 1388 proni-

362 1430 409 1471 me
431 1405 634 1492 sequentibus
681 1409 755 1471 Nou
790 1431 826 1472 ex
859 1407 1027 1474 delentibus
1050 1408 1147 1483 enim,
1169 1412 1205 1470 ut
1229 1407 1341 1470 auxilia
1363 1407 1447 1492 pedi-

361 1516 443 1590 turn,
466 1513 519 1576 sed
546 1511 775 1576 evocationibus
799 1513 979 1576 nominatim
1002 1513 1091 1576 factis
1113 1511 1178 1597 ipse
1200 1513 1337 1594 equitum
1359 1511 1446 1574 illum

360 1637 518 1680 numerum
549 1615 608 1678 sibi
641 1616 819 1700 adjunxerat
853 1622 943 1701 atque
972 1615 1020 1679 his
1050 1615 1143 1702 ipsis,
1166 1614 1250 1679 velut
1273 1614 1447 1691 obsidibus,

360 1720 494 1803 quietam
513 1717 645 1782 Galliam
668 1718 845 1804 praestabat.

406 1822 540 1886 Tandem
574 1822 750 1886 adverbium
781 1821 883 1885 “elie'
908 1823 1008 1887 Taciti
1031 1821 1099 1886 loco
1122 1825 1203 1886 Anu.
1233 1821 1286 1886 lib.
1311 1826 1329 1885 3
1355 1843 1379 1884 c.
1405 1825 1445 1884 18

361 1926 518 1990 defendere
540 1949 628 2011 posse
650 1926 726 1991 mihi
751 1928 866 2004 videor,
890 1929 943 2011 qui
967 1928 1013 1990 sic
1036 1949 1067 1990 se
1084 1926 1183 1990 habet.
1206 1927 1368 2010 “Objeeere
1392 1925 1446 2008 (sc.

360 2032 477 2094 inimici
508 2031 640 2116 Pisonis)
665 2068 710 2078 -
737 2032 836 2112 mrum
852 2032 1033 2113 peremtum
1064 2053 1151 2094 acere
1169 2031 1240 2092 diac
1258 2037 1287 2092 et
1310 2029 1412 2091 immol
1432 2066 1446 2076 -

360 2135 455 2197 tiones
488 2135 641 2214 mesiendas
674 2135 772 2216 c'loeiee
806 2141 897 2218 etque
931 2134 1112 2196 Plancinae.
1146 2132 1232 2195 Hinc
1264 2131 1293 2194 h.
1317 2132 1336 2194 l.
1366 2133 1444 2194 idem

360 2237 439 2300 valet
462 2260 497 2301 ac
520 2239 627 2300 deiude
649 2237 696 2300 vel
717 2244 795 2311 tam
820 2259 889 2300 nam
901 2236 992 2301 verba
1004 2260 1020 2300 a
1031 2233 1160 2300 “Sucro''
1172 2257 1267 2319 usque
1279 2235 1317 2298 ad
1329 2235 1446 2297 “Plea-

359 2338 462 2404 ciaoe''
494 2341 654 2404 continent
683 2362 797 2405 novum
824 2343 937 2404 crimen
960 2341 1066 2404 Pisoni
1091 2340 1258 2423 objectum,
1282 2344 1316 2401 ut
1339 2361 1376 2402 ex
1399 2361 1445 2401 se-

359 2444 523 2529 quentibus
547 2445 739 2530 perspicuum
762 2447 806 2509 fit.
830 2446 868 2508 cf.
889 2446 986 2509 Tacit.
1009 2447 1084 2531 Agr.
1101 2467 1164 2530 cap.
1189 2447 1240 2508 14.
1262 2445 1446 2507 “Sieetouius

358 2550 427 2611 diue
448 2545 623 2611 Poulieue''
646 2548 731 2632 reliq.

404 2651 476 2737 Cap.
501 2656 551 2714 58.
593 2652 633 2713 In
667 2650 725 2714 hoc
761 2652 860 2737 capite
893 2651 1045 2713 “Nostros
1075 2650 1234 2714 elucebant
1260 2652 1446 2735 impetusque

361 2776 460 2817 eorum
482 2752 693 2836 eeemiedautf'
739 2755 964 2840 Nipperde'r'uS‚
986 2755 1113 2839 reliquis
1134 2756 1276 2830 retentis,
1298 2755 1359 2839 legi
1382 2778 1445 2817 ma-

359 2857 419 2920 luit
438 2854 671 2939 “decurtatam''
690 2858 771 2940 quod
792 2858 911 2920 eludere
934 2863 1024 2941 atque
1047 2859 1179 2939 eccipere
1198 2857 1257 2921 sibi
1275 2857 1363 2941 plane
1382 2858 1445 2920 sint

360 2963 525 3038 contraria,
543 2967 572 3024 et
595 2961 721 3025 alterum
742 2961 870 3025 alterum
889 2961 988 3025 tollat.
1023 2961 1197 3045 Herzogius
1219 2983 1290 3024 vero
1312 2962 1445 3043 ecciyrere

358 3066 490 3150 explicat
511 3067 661 3129 lucescere.
695 3065 851 3130 Neutrum
870 3064 946 3128 mihi
965 3086 1067 3128 verum
1090 3064 1227 3143 videtur3
1250 3086 1320 3127 nam
1342 3066 1445 3129 “ecci-

351 3191 426 3252 pere
448 3168 607 3253 impetum''
619 3171 677 3233 rite
700 3171 907 3255 Nipperde'r'us
930 3170 967 3233 de
988 3192 1023 3232 eo
1047 3169 1108 3233 dici
1131 3169 1281 3245 ostendit,
1303 3169 1356 3254 qui
1375 3168 1443 3233 loco

356 3296 420 3337 non
443 3274 540 3349 cedit,
563 3273 615 3338 sed
638 3274 1031 3362 exspectata‘uadversarium
1049 3277 1079 3337 et
1095 3273 1244 3355 secuere,
1267 3272 1304 3336 de
1325 3295 1357 3335 re
1378 3274 1444 3336 ina-

356 3378 472 3439 nimata
506 3377 639 3454 dictum,
674 3378 771 3463 poetis
805 3378 908 3461 potins
939 3378 1154 3453 concesserim,
1176 3372 1265 3461 quum
1287 3375 1444 3440 historico.

358 3480 469 3561 Itaque
483 3500 537 3563 pro
556 3477 777 3561 “campiduni'’
792 3502 928 3566 propono
940 3480 1141 3565 “effuqiedoat
1151 3476 1177 3557 ,''
1189 3479 1270 3563 quod
1282 3502 1343 3543 non
1355 3478 1445 3565 longe

359 3604 376 3646 a
410 3581 536 3667 vulgato
571 3582 665 3645 distat
698 3587 729 3645 ct
762 3583 799 3645 ad
832 3605 953 3646 sensum
986 3584 1081 3669 magis
1105 3583 1365 3646 accommodatum
1387 3588 1442 3647 est.

359 3687 398 3750 cf.
432 3686 516 3750 Caes.
550 3686 578 3749 B
612 3685 646 3748 Ο.
679 3690 707 3748 2.
737 3689 789 3747 41.
834 3684 1011 3747 “Numidae
1042 3687 1153 3774 iateqri
1174 3686 1330 3749 celeritate
1351 3686 1444 3769 impe-
1550 3741 1557 3754 ..

359 3796 422 3853 tom
444 3796 609 3853 uestrorum
640 3788 839 3872 efficiebant,
865 3808 1029 3872 miraeque
1050 3791 1093 3851 ad
1113 3790 1232 3853 ordiner
1252 3810 1323 3853 auor
1343 3811 1376 3854 ee
1397 3813 1444 3856 re·

357 3894 503 3977 cipieetee
525 3892 719 3957 circumibunt
742 3898 772 3955 et
794 3893 831 3955 ab
854 3891 919 3955 acie
941 3890 1162 3956 ecclededuat”

405 3997 477 4084 Gap.
501 4003 551 4061 62.
575 3997 671 4060 “Huc
680 3999 752 4081 jem
769 3996 934 4059 deduceret
951 4017 1025 4073 rem,
1042 4002 1078 4059 od
1088 3996 1204 4081 equites
1214 4002 1388 4081 -poeeeet
1400 4029 1444 4044 -

359 4101 507 4174 tracum,-
533 4101 655 4184 pedites
683 4123 750 4163 cero
773 4100 975 4164 metummodo
994 4100 1126 4164 ducenis
1146 4123 1182 4166 ae
1199 4123 1310 4165 eum
1322 4104 1444 4184 pectore

360 4210 478 4269 exstare
500 4212 530 4268 et
551 4243 595 4252 —
617 4202 856 4287 impedirentur.”

336 4389 342 4401 Ι
404 4310 455 4372 Ita
484 4307 585 4372 locum
608 4309 705 4372 edidit
729 4308 980 4395 Oudendorpius‚
1002 4309 1162 4396 expuncto
1178 4303 1288 4384 “20⁸ss
1310 4305 1392 4392 quod
1408 4307 1443 4372 in

360 4412 588 4496 antiquissimos
618 4418 648 4477 ot
671 4412 829 4497 plerosque
852 4411 971 4477 codices
993 4411 1134 4500 irrepsit3
1151 4403 1342 4480 nffififivun
1362 4411 1442 4478 euim

362 4514 513 4581 “enatare”
526 4516 618 4602 jungi
632 4538 721 4603 posse
732 4538 800 4583 curn
812 4515 902 4583 verbo
913 4511 1176 4600 “montferrat
1187 4511 1377 4582 ruffinam
1387 4520 1441 4582 est.
