3609 5450
697 451 874 512 ..95-

244 636 346 703 Sahal.
372 633 468 701 λείτει
499 635 567 714 εἶμί.
595 633 663 715 ὑπὲρ
693 628 738 698 ῶν
766 629 1135 717 ἐφόνευσοοἈχοιμίμνονοι
1156 634 1327 702 ῶτῶσοοσίε.

242 742 328 808 Bona
350 736 460 827 lectio,
482 737 534 802 sed
558 734 594 803 ῶν
616 737 672 816 μὲν
694 736 811 802 ἔκτοονον
834 759 904 802 oum
926 737 1065 821 sequenti
1087 734 1331 811 ῶεῶοςοοιιίοιι-

241 843 392 932 gendum
414 840 535 917 τούτων,
559 838 605 913 οὕς
627 838 804 914 iurarem.
827 862 851 904 e.
873 840 1119 925 Agamemnonis.
1154 841 1226 907 Nisi
1244 864 1330 928 prae·

242 953 304 1014 stat
337 941 375 1011 ῶν
403 948 511 1008 neutro
538 965 646 1030 genere
669 943 860 1028 acciperent
882 940 904 1008 οῖ
926 942 1043 1007 ἔκτοονον
1065 944 1107 1009 sit
1130 943 1233 1008 caedes
1256 967 1329 1011 mea

241 1044 331 1118 Dein.
366 1052 418 1114 18.
451 1051 493 1112 18
529 1047 566 1133 (οῖ
601 1046 739 1131 Θηβαῖοι)
775 1041 815 1118 οίς
837 1046 1042 1126 εὐτυχήκεσαν
1068 1047 1099 1112 ἐν
1121 1047 1277 1128 Λεύκτροις
1299 1050 1332 1116 οὖ

241 1154 364 1237 μετρίως
387 1150 556 1231 ἐκέχρηντο,
579 1150 599 1214 i.
623 1173 646 1214 e.
670 1159 707 1232 τῇ
730 1144 839 1214 ἑκυτῶν
861 1149 997 1232 εὐτυχίᾳ.

287 1260 361 1323 105.
395 1255 424 1318 ἕν
454 1253 548 1337 ἡμέρης
577 1253 607 1319 δὲ
634 1259 752 1333 ροοῖροο
779 1251 999 1335 τρίσκοτος
1028 1251 1185 1334 βροτῶν.
1231 1253 1333 1320 Sobel

242 1364 260 1439 ἦ
283 1368 336 1436 τῆς
353 1356 461 1443 ,φρενὸς
484 1363 571 1439 μοῖροο
592 1358 623 1421 οὐ
646 1361 750 1437 τροορρῖ
772 1356 801 1420 ἕν
825 1355 927 1437 ἧμέρορ.
973 1355 1082 1443 Legit:
1104 1359 1200 1436 μοῖρ’
1222 1356 1334 1439 ῶτρί-

242 1487 383 1536 σκοτος
406 1465 567 1544 φρενῶν,
593 1458 763 1546 (“iuterdiu
785 1458 839 1522 illa
861 1458 972 1523 mentis
997 1465 1044 1523 est
1066 1480 1149 1538 sors,
1171 1464 1207 1523 ut
1228 1461 1334 1525 futura

242 1566 415 1657 praevidere
436 1560 596 1649 nequeat'')
620 1562 703 1647 quod
724 1562 838 1647 reoapit
861 1560 1074 1642 Hermannus;
1093 1566 1146 1627 ant
1157 1563 1333 1642 βροτοῖς,

242 1669 345 1756 φρενίς
379 1692 417 1734 ex
449 1663 656 1753 superioribus
690 1664 876 1752 intelligens.
921 1664 981 1730 sed
1016 1666 1158 1752 repetitio
1194 1666 1333 1732 vocabuli

243 1776 319 1858 Φρην
351 1774 385 1836 in
420 1771 611 1858 oppositione
640 1773 671 1833 et
702 1768 820 1834 duobus
844 1768 1098 1852 subsequentibus
1120 1769 1258 1873 rgrsibus
1280 1770 1335 1835 ha-

242 1879 294 1945 bat
316 1876 419 1942 neseio
452 1874 526 1959 quid
560 1872 709 1960 languidi.
755 1872 870 1937 Dativo
899 1873 1012 1954 βροτοῖς
1045 1877 1147 1938 autem
1179 1873 1258 1965 nibil
1286 1875 1334 1941 lu·

244 1992 373 2048 uramur.

289 2088 329 2150 17
335 2088 363 2148 6.
385 2078 584 2163 τεριτρίτκιος
606 2080 631 2145 δ’
642 2079 678 2145 ῶν
702 2080 759 2165 (sio
782 2077 865 2144 Med.
888 2080 966 2143 teste
988 2077 1127 2166 Cobeto).
1162 2079 1263 2146 Sobel.
1282 2102 1335 2143 sx-

243 2187 339 2276 plioat
361 2184 582 2267 τροςτρίτοοιος;
597 2184 675 2271 legit
692 2205 763 2271 ergo
781 2181 1057 2263 ποτιτρόπαιος.
1081 2184 1142 2249 Sed
1155 2185 1192 2250 de
1203 2184 1336 2250 lectione

242 2291 377 2359 Medicei
398 2312 460 2354 non
482 2311 606 2374 prorsus
630 2292 759 2353 ooustat.
1362 2296 1367 2303 '

288 2376 446 2475 ἱίι.’“ἕτερον
468 2395 496 2458 ἕν
518 2391 594 2476 κοίρρ
615 2391 748 2473 μνοίστορ
770 2390 875 2456 ἐκείνου
891 2389 1033 2458 τῶοετοοι.
1069 2389 1171 2456 Sahal.
1183 2385 1219 2457 ῶν
1227 2391 1335 2469 ε’νκγης

243 2500 275 2564 ἕν
295 2499 336 2580 τῷ
358 2495 432 2581 κῶρρι
455 2497 558 2562 ἓοουτοῶ
580 2493 672 2578 ἕτερον
693 2493 839 2576 ροιοίστοροο
860 2496 1009 2576 λείψεται,
1035 2494 1097 2560 κοοί
1121 2496 1155 2560 οῖ
1173 2493 1212 2571 ἐξ
1223 2499 1337 2562 οοῶτοῶ

243 2601 350 2674 δίκης
375 2603 463 2679 ἡμῖν
486 2600 670 2666 δώσουσιν.
715 2592 872 2663 Postrema
894 2599 983 2664 verba
1006 2598 1043 2664 ab
1065 2597 1124 2663 alia
1146 2620 1239 2665 manu
1261 2603 1336 2665 sunt

241 2707 379 2794 profecta
408 2708 438 2768 et
471 2703 623 2769 referenda
657 2703 695 2767 ad
728 2701 890 2768 lectionem
924 2698 1107 2784 ἕτερος-
1135 2705 1175 2769 ἐκ
1203 2703 1334 2771 κείνου.

242 2812 355 2894 Itaque
387 2807 439 2873 κοί
467 2808 500 2872 in
531 2805 647 2871 seholio
671 2805 841 2871 delendum·
871 2804 989 2887 Ἕτερος
1011 2806 1259 2892 improbandum
1281 2807 1336 2872 sed

244 2915 284 2979 ἐκ
317 2911 422 2989 κείνου,
455 2909 668 3002 ε’]ῖὶκᾶοιίίο
701 2914 876 2996 receptum,
905 2910 997 2997 longe
1025 2910 1167 2997 vulgatae
1195 2914 1336 2997 praestat

244 3016 363 3082 Verum
385 3038 448 3080 non
471 3015 565 3080 audeo
590 3014 696 3078 dicere.

292 3124 365 3185 239.
398 3121 470 3185 alua'
504 3117 628 3196 οῖροβλὺν
653 3115 710 3193 ,ἤδη
733 3116 989 3199 τροςτετριμμένον
1015 3141 1061 3195 τε
1082 3116 1165 3199 τρῖς
1183 3116 1337 3183 ’Άλλοισιν
1443 3151 1446 3158 ·

246 3219 338 3296 οίκοις.
373 3221 475 3287 Sahal.
499 3222 601 3293 ἄλλοις
625 3217 869 3303 τροςτριφοίροενον
889 3220 932 3285 τὸ
954 3220 1085 3299 μύσος.
1120 3221 1268 3293 Quamvis
1288 3241 1336 3285 res

246 3327 331 3391 omni
360 3326 451 3391 dubio
478 3347 541 3390 non
562 3325 658 3389 maior
681 3325 735 3403 sit,
757 3321 911 3410 probabile
933 3327 1035 3390 tamen
1057 3330 1119 3404 est,
1142 3324 1337 3391 scholiastam

245 3429 357 3516 legisse
390 3427 643 3507 τροςτετριμμένον
676 3426 784 3506 μύσος,
822 3428 954 3513 primurn
987 3428 1069 3514 qnod
1104 3453 1248 3511 τροςτετρ.
1281 3450 1337 3515 pro

246 3531 339 3601 verbo
368 3530 530 3594 transitivo
557 3527 681 3605 habuit,
702 3551 763 3613 quo
785 3527 865 3594 nihil
888 3531 922 3595 in
946 3531 1071 3618 vulgata
1092 3532 1225 3597 lectione
1247 3552 1337 3619 coge·

247 3636 315 3714 bat3
345 3632 453 3697 deinde
480 3630 562 3715 quod
592 3630 662 3711 τρίς
685 3632 718 3695 in
743 3630 946 3716 explicatione
968 3636 1087 3726 omisit,
1110 3636 1231 3700 taudem
1253 3635 1336 3720 quod

247 3739 339 3819 μύσος
370 3736 447 3802 eitra
479 3734 688 3799 necessitatem
723 3733 759 3797 ab
790 3755 824 3796 eo
852 3734 991 3799 additum
1012 3742 1066 3801 est.
1112 3737 1253 3824 Denique
1275 3736 1336 3803 hue

248 3843 337 3922 feeit,
371 3840 454 3927 quod
487 3827 611 3927 vulgata
640 3837 733 3902 lectio
757 3837 932 3923 suspicione
952 3860 1016 3903 non
1039 3843 1133 3905 vacat.
1178 3843 1337 3920 Assentior

249 3947 329 4012 enim
363 3945 556 4022 Hermanno,
591 3941 843 4030 praepositionem
875 3943 910 4006 in
943 3942 1003 4007 fine
1035 3964 1140 4009 versos
1178 3935 1230 4009 bia
1263 3947 1336 4011 ferri

249 4072 312 4116 uon
342 4071 444 4135 posse,
476 4071 573 4134 neque
595 4052 665 4135 apte
687 4046 853 4133 comparari
875 4043 967 4133 Soph.
986 4046 1024 4111 0.
1047 4046 1081 4112 Ο.
1104 4047 1178 4114 495.
1200 4050 1262 4129 ε’μεί
1282 4049 1337 4127 μὲν

249 4156 308 4233 οὐχ
330 4149 438 4229 iisset,
471 4151 610 4231 λείτομοοι
637 4150 697 4232 aaa
720 4152 749 4215 ἒν
774 4149 825 4230 Τῷ
848 4149 891 4228 μη
910 4149 1047 4215 δύνοσίκι
1069 4151 1138 4229 μηδ’
1159 4152 1241 4233 ῶρῶν,
1263 4152 1337 4215 δυοῖν

250 4262 365 4334 κοοκοῖν,
403 4254 456 4320 ubi
489 4256 667 4342 praecedens
700 4254 909 4339 interpunctio
932 4254 1040 4332 faeiat,
1062 4260 1098 4319 ut
1120 4255 1247 4320 duorum
1270 4276 1336 4319 ver·

251 4382 340 4427 sunm
370 4359 488 4424 numeri
517 4360 630 4424 arctius
660 4360 897 4445 coniungantur.
941 4359 1073 4424 Confero
1096 4381 1123 4424 v.
1144 4363 1206 4423 195
1230 4381 1336 4444 snpra:

251 4465 283 4532 οὔ
311 4461 492 4549 χρηστηρίοις
519 4464 570 4530 Ἐν
597 4462 689 4537 τοῖσδε
724 4461 882 4531 τλουοίοισι
918 4461 1068 4546 τρίβεσίοοι
1104 4461 1213 4541 μύσος,
1252 4465 1335 4551 quod
