<?xml version="1.0" encoding="UTF-8"?>
<!DOCTYPE html PUBLIC "-//W3C//DTD XHTML 1.0 Transitional//EN"
    "http://www.w3.org/TR/xhtml1/DTD/xhtml1-transitional.dtd">
<html xmlns="http://www.w3.org/1999/xhtml" xml:lang="en" lang="en">
 <head>
  <title>
</title>
<meta http-equiv="Content-Type" content="text/html;charset=utf-8" />
  <meta name='ocr-system' content='tesseract 3.04.00' />
  <meta name='ocr-capabilities' content='ocr_page ocr_carea ocr_par ocr_line ocrx_word'/>
</head>
<body>
  <div class='ocr_page' id='page_1' title='image "./miscellaneaphil00gymngoog_0084.png"; bbox 0 0 3609 5450; ppageno 0'>
   <div class='ocr_carea' id='block_1_1' title="bbox 539 1319 1422 1401">
    <p class='ocr_par' dir='ltr' id='par_1_1' title="bbox 539 1319 1422 1401">
     <span class='ocr_line' id='line_1_1' title="bbox 539 1319 1422 1401; baseline -0.005 -14"><span class='ocrx_word' id='word_1_1' title='bbox 539 1322 598 1388; x_wconf 76' lang='lat' dir='ltr'>DE</span> <span class='ocrx_word' id='word_1_2' title='bbox 620 1319 839 1401; x_wconf 76' lang='lat' dir='ltr'><strong>AESOHYLI</strong></span> <span class='ocrx_word' id='word_1_3' title='bbox 861 1320 1062 1388; x_wconf 82' lang='lat' dir='ltr'>SOHOLIIS</span> <span class='ocrx_word' id='word_1_4' title='bbox 1084 1320 1422 1388; x_wconf 81' lang='lat' dir='ltr'><strong>LAURENTIANIS.</strong></span> 
     </span>
    </p>
   </div>
   <div class='ocr_carea' id='block_1_2' title="bbox 931 1596 1029 1628">
    <p class='ocr_par' dir='ltr' id='par_1_2' title="bbox 931 1596 1029 1628">
     <span class='ocr_line' id='line_1_2' title="bbox 931 1596 1029 1628; baseline 0.02 -2"><span class='ocrx_word' id='word_1_5' title='bbox 931 1596 1029 1628; x_wconf 76' lang='lat' dir='ltr'>scrrrslr</span> 
     </span>
    </p>
   </div>
   <div class='ocr_carea' id='block_1_3' title="bbox 784 1813 1178 1875">
    <p class='ocr_par' dir='ltr' id='par_1_3' title="bbox 784 1813 1178 1875">
     <span class='ocr_line' id='line_1_3' title="bbox 784 1813 1178 1875; baseline 0.005 -2"><span class='ocrx_word' id='word_1_6' title='bbox 784 1813 816 1873; x_wconf 82' lang='lat' dir='ltr'>G.</span> <span class='ocrx_word' id='word_1_7' title='bbox 842 1813 885 1873; x_wconf 90' lang='lat' dir='ltr'>M.</span> <span class='ocrx_word' id='word_1_8' title='bbox 913 1813 1178 1875; x_wconf 82' lang='lat' dir='ltr'><strong>FRANGKEN.</strong></span> 
     </span>
    </p>
   </div>
   <div class='ocr_carea' id='block_1_4' title="bbox 357 2494 1524 4532">
    <p class='ocr_par' dir='ltr' id='par_1_4' title="bbox 357 2494 1524 4532">
     <span class='ocr_line' id='line_1_4' title="bbox 357 2494 1522 2586; baseline 0 -22"><span class='ocrx_word' id='word_1_9' title='bbox 357 2577 361 2583; x_wconf 24' lang='grc' dir='ltr'>Ι</span> <span class='ocrx_word' id='word_1_10' title='bbox 485 2498 601 2586; x_wconf 84' lang='lat' dir='ltr'>Augeri</span> <span class='ocrx_word' id='word_1_11' title='bbox 619 2495 761 2561; x_wconf 91' lang='lat' dir='ltr'>notitiam</span> <span class='ocrx_word' id='word_1_12' title='bbox 783 2499 917 2559; x_wconf 89' lang='lat' dir='ltr'>nostram</span> <span class='ocrx_word' id='word_1_13' title='bbox 938 2494 1197 2560; x_wconf 89' lang='lat' dir='ltr'>indetrimentum</span> <span class='ocrx_word' id='word_1_14' title='bbox 1219 2495 1428 2562; x_wconf 78' lang='lat' dir='ltr'>delectationis</span> <span class='ocrx_word' id='word_1_15' title='bbox 1452 2519 1522 2563; x_wconf 90' lang='lat' dir='ltr'>oum</span> 
     </span>
     <span class='ocr_line' id='line_1_5' title="bbox 441 2599 1522 2685; baseline -0.001 -18"><span class='ocrx_word' id='word_1_16' title='bbox 441 2601 553 2668; x_wconf 85' lang='lat' dir='ltr'>multas</span> <span class='ocrx_word' id='word_1_17' title='bbox 575 2601 648 2666; x_wconf 87' lang='lat' dir='ltr'>alias</span> <span class='ocrx_word' id='word_1_18' title='bbox 669 2601 702 2665; x_wconf 92' lang='lat' dir='ltr'>in</span> <span class='ocrx_word' id='word_1_19' title='bbox 726 2599 901 2685; x_wconf 88' lang='lat' dir='ltr'>disciplinas</span> <span class='ocrx_word' id='word_1_20' title='bbox 926 2599 1024 2677; x_wconf 86' lang='lat' dir='ltr'>eadit,</span> <span class='ocrx_word' id='word_1_21' title='bbox 1041 2603 1124 2678; x_wconf 90' lang='lat' dir='ltr'>tum,</span> <span class='ocrx_word' id='word_1_22' title='bbox 1146 2604 1251 2664; x_wconf 85' lang='lat' dir='ltr'>nostra</span> <span class='ocrx_word' id='word_1_23' title='bbox 1272 2602 1392 2685; x_wconf 88' lang='lat' dir='ltr'>quidem</span> <span class='ocrx_word' id='word_1_24' title='bbox 1410 2607 1522 2680; x_wconf 86' lang='lat' dir='ltr'>aetate,</span> 
     </span>
     <span class='ocr_line' id='line_1_6' title="bbox 442 2697 1523 2794; baseline 0 -23"><span class='ocrx_word' id='word_1_25' title='bbox 442 2708 475 2772; x_wconf 94' lang='lat' dir='ltr'>in</span> <span class='ocrx_word' id='word_1_26' title='bbox 514 2706 633 2771; x_wconf 80' lang='lat' dir='ltr'>critices</span> <span class='ocrx_word' id='word_1_27' title='bbox 667 2697 750 2770; x_wconf 80' lang='lat' dir='ltr'>illam</span> <span class='ocrx_word' id='word_1_28' title='bbox 790 2708 920 2791; x_wconf 83' lang='lat' dir='ltr'>partein,</span> <span class='ocrx_word' id='word_1_29' title='bbox 958 2726 1034 2789; x_wconf 89' lang='lat' dir='ltr'>quae</span> <span class='ocrx_word' id='word_1_30' title='bbox 1072 2703 1265 2791; x_wconf 85' lang='lat' dir='ltr'>diplomatica</span> <span class='ocrx_word' id='word_1_31' title='bbox 1302 2705 1396 2794; x_wconf 82' lang='lat' dir='ltr'>vulgo</span> <span class='ocrx_word' id='word_1_32' title='bbox 1429 2706 1523 2772; x_wconf 87' lang='lat' dir='ltr'>audit.</span> 
     </span>
     <span class='ocr_line' id='line_1_7' title="bbox 444 2809 1524 2898; baseline -0.001 -23"><span class='ocrx_word' id='word_1_33' title='bbox 444 2812 637 2898; x_wconf 86' lang='lat' dir='ltr'>Optimorum</span> <span class='ocrx_word' id='word_1_34' title='bbox 666 2810 747 2874; x_wconf 88' lang='lat' dir='ltr'>eninr</span> <span class='ocrx_word' id='word_1_35' title='bbox 777 2810 958 2894; x_wconf 82' lang='lat' dir='ltr'>scriptorum</span> <span class='ocrx_word' id='word_1_36' title='bbox 985 2809 1104 2873; x_wconf 86' lang='lat' dir='ltr'>codices</span> <span class='ocrx_word' id='word_1_37' title='bbox 1127 2809 1217 2874; x_wconf 92' lang='lat' dir='ltr'>hodie</span> <span class='ocrx_word' id='word_1_38' title='bbox 1239 2810 1266 2874; x_wconf 88' lang='lat' dir='ltr'>si</span> <span class='ocrx_word' id='word_1_39' title='bbox 1288 2812 1389 2882; x_wconf 89' lang='lat' dir='ltr'>minus</span> <span class='ocrx_word' id='word_1_40' title='bbox 1411 2809 1524 2894; x_wconf 88' lang='lat' dir='ltr'>ubique</span> 
     </span>
     <span class='ocr_line' id='line_1_8' title="bbox 442 2897 1523 3000; baseline -0.001 -21"><span class='ocrx_word' id='word_1_41' title='bbox 442 2914 667 2979; x_wconf 72' lang='lat' dir='ltr'>accuratissime</span> <span class='ocrx_word' id='word_1_42' title='bbox 687 2913 823 2990; x_wconf 84' lang='lat' dir='ltr'>excussi,</span> <span class='ocrx_word' id='word_1_43' title='bbox 844 2917 943 2978; x_wconf 87' lang='lat' dir='ltr'>tamen</span> <span class='ocrx_word' id='word_1_44' title='bbox 964 2913 1008 2977; x_wconf 85' lang='lat' dir='ltr'>ita</span> <span class='ocrx_word' id='word_1_45' title='bbox 1025 2897 1175 2999; x_wconf 82' lang='lat' dir='ltr'>pervoluti</span> <span class='ocrx_word' id='word_1_46' title='bbox 1194 2918 1225 2978; x_wconf 89' lang='lat' dir='ltr'>et</span> <span class='ocrx_word' id='word_1_47' title='bbox 1243 2916 1417 3000; x_wconf 86' lang='lat' dir='ltr'>pertractati</span> <span class='ocrx_word' id='word_1_48' title='bbox 1438 2918 1523 2992; x_wconf 90' lang='lat' dir='ltr'>sunt,</span> 
     </span>
     <span class='ocr_line' id='line_1_9' title="bbox 442 3014 1524 3103; baseline -0.002 -21"><span class='ocrx_word' id='word_1_49' title='bbox 442 3022 478 3082; x_wconf 91' lang='lat' dir='ltr'>ut</span> <span class='ocrx_word' id='word_1_50' title='bbox 506 3017 583 3082; x_wconf 91' lang='lat' dir='ltr'>locis</span> <span class='ocrx_word' id='word_1_51' title='bbox 613 3016 749 3081; x_wconf 83' lang='lat' dir='ltr'>obscuris</span> <span class='ocrx_word' id='word_1_52' title='bbox 778 3040 814 3081; x_wconf 87' lang='lat' dir='ltr'>ex</span> <span class='ocrx_word' id='word_1_53' title='bbox 842 3016 881 3081; x_wconf 92' lang='lat' dir='ltr'>iis</span> <span class='ocrx_word' id='word_1_54' title='bbox 904 3014 983 3081; x_wconf 92' lang='lat' dir='ltr'>nihil</span> <span class='ocrx_word' id='word_1_55' title='bbox 1005 3017 1180 3103; x_wconf 88' lang='lat' dir='ltr'>plerumque</span> <span class='ocrx_word' id='word_1_56' title='bbox 1202 3016 1329 3081; x_wconf 81' lang='lat' dir='ltr'>subsidii</span> <span class='ocrx_word' id='word_1_57' title='bbox 1351 3022 1524 3102; x_wconf 85' lang='lat' dir='ltr'>exspectare</span> 
     </span>
     <span class='ocr_line' id='line_1_10' title="bbox 443 3118 1523 3205; baseline -0.002 -20"><span class='ocrx_word' id='word_1_58' title='bbox 443 3119 615 3196; x_wconf 87' lang='lat' dir='ltr'>debeamus,</span> <span class='ocrx_word' id='word_1_59' title='bbox 644 3141 795 3183; x_wconf 88' lang='lat' dir='ltr'>summum</span> <span class='ocrx_word' id='word_1_60' title='bbox 824 3118 875 3183; x_wconf 92' lang='lat' dir='ltr'>hic</span> <span class='ocrx_word' id='word_1_61' title='bbox 904 3119 970 3183; x_wconf 85' lang='lat' dir='ltr'>illic</span> <span class='ocrx_word' id='word_1_62' title='bbox 998 3119 1112 3183; x_wconf 88' lang='lat' dir='ltr'>scribas</span> <span class='ocrx_word' id='word_1_63' title='bbox 1140 3120 1248 3183; x_wconf 88' lang='lat' dir='ltr'>erroris</span> <span class='ocrx_word' id='word_1_64' title='bbox 1278 3140 1403 3205; x_wconf 83' lang='lat' dir='ltr'>arguere</span> <span class='ocrx_word' id='word_1_65' title='bbox 1425 3120 1523 3204; x_wconf 91' lang='lat' dir='ltr'>possi-</span> 
     </span>
     <span class='ocr_line' id='line_1_11' title="bbox 441 3221 1523 3307; baseline -0.003 -20"><span class='ocrx_word' id='word_1_66' title='bbox 441 3245 525 3302; x_wconf 85' lang='lat' dir='ltr'>mos,</span> <span class='ocrx_word' id='word_1_67' title='bbox 550 3228 596 3299; x_wconf 91' lang='lat' dir='ltr'>et,</span> <span class='ocrx_word' id='word_1_68' title='bbox 622 3226 730 3285; x_wconf 87' lang='lat' dir='ltr'>natura</span> <span class='ocrx_word' id='word_1_69' title='bbox 752 3225 783 3285; x_wconf 90' lang='lat' dir='ltr'>et</span> <span class='ocrx_word' id='word_1_70' title='bbox 806 3222 986 3307; x_wconf 81' lang='lat' dir='ltr'>cognatione</span> <span class='ocrx_word' id='word_1_71' title='bbox 1007 3221 1154 3285; x_wconf 87' lang='lat' dir='ltr'>librorum</span> <span class='ocrx_word' id='word_1_72' title='bbox 1175 3223 1450 3307; x_wconf 82' lang='lat' dir='ltr'>manuscriptorum</span> <span class='ocrx_word' id='word_1_73' title='bbox 1473 3222 1523 3286; x_wconf 93' lang='lat' dir='ltr'>in-</span> 
     </span>
     <span class='ocr_line' id='line_1_12' title="bbox 442 3324 1522 3414; baseline -0.001 -23"><span class='ocrx_word' id='word_1_74' title='bbox 442 3330 546 3403; x_wconf 87' lang='lat' dir='ltr'>venta,</span> <span class='ocrx_word' id='word_1_75' title='bbox 575 3326 675 3389; x_wconf 86' lang='lat' dir='ltr'>fontes</span> <span class='ocrx_word' id='word_1_76' title='bbox 704 3325 813 3389; x_wconf 86' lang='lat' dir='ltr'>erroris</span> <span class='ocrx_word' id='word_1_77' title='bbox 843 3324 961 3409; x_wconf 84' lang='lat' dir='ltr'>saepius</span> <span class='ocrx_word' id='word_1_78' title='bbox 983 3346 1071 3408; x_wconf 84' lang='lat' dir='ltr'>quam</span> <span class='ocrx_word' id='word_1_79' title='bbox 1095 3324 1159 3388; x_wconf 88' lang='lat' dir='ltr'>vias</span> <span class='ocrx_word' id='word_1_80' title='bbox 1183 3325 1361 3414; x_wconf 86' lang='lat' dir='ltr'>emendandi</span> <span class='ocrx_word' id='word_1_81' title='bbox 1383 3346 1522 3412; x_wconf 88' lang='lat' dir='ltr'>perscru-</span> 
     </span>
     <span class='ocr_line' id='line_1_13' title="bbox 441 3426 1522 3516; baseline 0.002 -23"><span class='ocrx_word' id='word_1_82' title='bbox 441 3429 502 3493; x_wconf 90' lang='lat' dir='ltr'>tari</span> <span class='ocrx_word' id='word_1_83' title='bbox 530 3428 629 3493; x_wconf 89' lang='lat' dir='ltr'>liceat.</span> <span class='ocrx_word' id='word_1_84' title='bbox 675 3427 783 3511; x_wconf 86' lang='lat' dir='ltr'>Itaque</span> <span class='ocrx_word' id='word_1_85' title='bbox 808 3427 842 3491; x_wconf 93' lang='lat' dir='ltr'>in</span> <span class='ocrx_word' id='word_1_86' title='bbox 872 3426 978 3491; x_wconf 89' lang='lat' dir='ltr'>multis</span> <span class='ocrx_word' id='word_1_87' title='bbox 1006 3427 1211 3504; x_wconf 89' lang='lat' dir='ltr'>editionibus,</span> <span class='ocrx_word' id='word_1_88' title='bbox 1237 3450 1313 3512; x_wconf 88' lang='lat' dir='ltr'>quae</span> <span class='ocrx_word' id='word_1_89' title='bbox 1334 3427 1383 3493; x_wconf 93' lang='lat' dir='ltr'>his</span> <span class='ocrx_word' id='word_1_90' title='bbox 1406 3434 1522 3516; x_wconf 89' lang='lat' dir='ltr'>postre-</span> 
     </span>
     <span class='ocr_line' id='line_1_14' title="bbox 441 3529 1521 3617; baseline 0.002 -21"><span class='ocrx_word' id='word_1_91' title='bbox 441 3533 499 3596; x_wconf 91' lang='lat' dir='ltr'>mis</span> <span class='ocrx_word' id='word_1_92' title='bbox 532 3532 619 3596; x_wconf 88' lang='lat' dir='ltr'>annis</span> <span class='ocrx_word' id='word_1_93' title='bbox 652 3530 844 3617; x_wconf 88' lang='lat' dir='ltr'>prodierunt,</span> <span class='ocrx_word' id='word_1_94' title='bbox 873 3530 1003 3595; x_wconf 86' lang='lat' dir='ltr'>varietas</span> <span class='ocrx_word' id='word_1_95' title='bbox 1038 3529 1178 3595; x_wconf 91' lang='lat' dir='ltr'>lectionis</span> <span class='ocrx_word' id='word_1_96' title='bbox 1213 3532 1353 3598; x_wconf 90' lang='lat' dir='ltr'>codicum</span> <span class='ocrx_word' id='word_1_97' title='bbox 1386 3535 1521 3598; x_wconf 88' lang='lat' dir='ltr'>omnium</span> 
     </span>
     <span class='ocr_line' id='line_1_15' title="bbox 441 3634 1522 3722; baseline 0.002 -23"><span class='ocrx_word' id='word_1_98' title='bbox 441 3639 545 3699; x_wconf 85' lang='lat' dir='ltr'>onerat</span> <span class='ocrx_word' id='word_1_99' title='bbox 574 3635 677 3722; x_wconf 88' lang='lat' dir='ltr'>potius</span> <span class='ocrx_word' id='word_1_100' title='bbox 711 3634 872 3721; x_wconf 85' lang='lat' dir='ltr'>scriptores</span> <span class='ocrx_word' id='word_1_101' title='bbox 906 3656 995 3719; x_wconf 83' lang='lat' dir='ltr'>quam</span> <span class='ocrx_word' id='word_1_102' title='bbox 1029 3638 1130 3713; x_wconf 88' lang='lat' dir='ltr'>ornat,</span> <span class='ocrx_word' id='word_1_103' title='bbox 1163 3636 1195 3699; x_wconf 92' lang='lat' dir='ltr'>in</span> <span class='ocrx_word' id='word_1_104' title='bbox 1226 3635 1365 3702; x_wconf 87' lang='lat' dir='ltr'>leviculis</span> <span class='ocrx_word' id='word_1_105' title='bbox 1383 3637 1468 3701; x_wconf 88' lang='lat' dir='ltr'>vitiis</span> <span class='ocrx_word' id='word_1_106' title='bbox 1491 3641 1522 3701; x_wconf 92' lang='lat' dir='ltr'>et</span> 
     </span>
     <span class='ocr_line' id='line_1_16' title="bbox 441 3738 1522 3825; baseline 0 -22"><span class='ocrx_word' id='word_1_107' title='bbox 441 3738 616 3824; x_wconf 88' lang='lat' dir='ltr'>quisquiliis</span> <span class='ocrx_word' id='word_1_108' title='bbox 647 3743 778 3819; x_wconf 84' lang='lat' dir='ltr'>versata3</span> <span class='ocrx_word' id='word_1_109' title='bbox 809 3759 903 3822; x_wconf 88' lang='lat' dir='ltr'>eoque</span> <span class='ocrx_word' id='word_1_110' title='bbox 925 3738 984 3803; x_wconf 88' lang='lat' dir='ltr'>fine</span> <span class='ocrx_word' id='word_1_111' title='bbox 1007 3740 1150 3825; x_wconf 85' lang='lat' dir='ltr'>antiquae</span> <span class='ocrx_word' id='word_1_112' title='bbox 1171 3740 1315 3804; x_wconf 89' lang='lat' dir='ltr'>lectiones</span> <span class='ocrx_word' id='word_1_113' title='bbox 1338 3739 1522 3803; x_wconf 87' lang='lat' dir='ltr'>accumulari</span> 
     </span>
     <span class='ocr_line' id='line_1_17' title="bbox 441 3842 1521 3929; baseline -0.001 -21"><span class='ocrx_word' id='word_1_114' title='bbox 441 3843 598 3922; x_wconf 82' lang='lat' dir='ltr'>videntur,</span> <span class='ocrx_word' id='word_1_115' title='bbox 619 3847 672 3921; x_wconf 90' lang='lat' dir='ltr'>ut,</span> <span class='ocrx_word' id='word_1_116' title='bbox 694 3844 747 3927; x_wconf 88' lang='lat' dir='ltr'>qni</span> <span class='ocrx_word' id='word_1_117' title='bbox 767 3842 805 3907; x_wconf 88' lang='lat' dir='ltr'>ad</span> <span class='ocrx_word' id='word_1_118' title='bbox 827 3842 1064 3907; x_wconf 87' lang='lat' dir='ltr'>emendationem</span> <span class='ocrx_word' id='word_1_119' title='bbox 1087 3843 1206 3929; x_wconf 72' lang='lat' dir='ltr'>accingi</span> <span class='ocrx_word' id='word_1_120' title='bbox 1229 3842 1318 3919; x_wconf 91' lang='lat' dir='ltr'>velit,</span> <span class='ocrx_word' id='word_1_121' title='bbox 1343 3844 1420 3906; x_wconf 91' lang='lat' dir='ltr'>sciat</span> <span class='ocrx_word' id='word_1_122' title='bbox 1442 3842 1521 3918; x_wconf 82' lang='lat' dir='ltr'>nihil</span> 
     </span>
     <span class='ocr_line' id='line_1_18' title="bbox 443 3941 1522 4033; baseline -0.003 -19"><span class='ocrx_word' id='word_1_123' title='bbox 443 3941 610 4014; x_wconf 85' lang='lat' dir='ltr'>adiumenti</span> <span class='ocrx_word' id='word_1_124' title='bbox 631 3945 689 4010; x_wconf 92' lang='lat' dir='ltr'>sibi</span> <span class='ocrx_word' id='word_1_125' title='bbox 712 3968 749 4009; x_wconf 85' lang='lat' dir='ltr'>ex</span> <span class='ocrx_word' id='word_1_126' title='bbox 771 3945 857 4010; x_wconf 92' lang='lat' dir='ltr'>libris</span> <span class='ocrx_word' id='word_1_127' title='bbox 879 3945 1042 4031; x_wconf 88' lang='lat' dir='ltr'>petendum</span> <span class='ocrx_word' id='word_1_128' title='bbox 1064 3968 1141 4025; x_wconf 86' lang='lat' dir='ltr'>esse,</span> <span class='ocrx_word' id='word_1_129' title='bbox 1159 3950 1190 4009; x_wconf 93' lang='lat' dir='ltr'>et</span> <span class='ocrx_word' id='word_1_130' title='bbox 1212 3950 1331 4009; x_wconf 88' lang='lat' dir='ltr'>tantum</span> <span class='ocrx_word' id='word_1_131' title='bbox 1350 3951 1522 4033; x_wconf 84' lang='lat' dir='ltr'>praeparata</span> 
     </span>
     <span class='ocr_line' id='line_1_19' title="bbox 443 4048 1522 4135; baseline -0.003 -17"><span class='ocrx_word' id='word_1_132' title='bbox 443 4051 503 4118; x_wconf 93' lang='lat' dir='ltr'>sibi</span> <span class='ocrx_word' id='word_1_133' title='bbox 532 4050 620 4116; x_wconf 84' lang='lat' dir='ltr'>verbe</span> <span class='ocrx_word' id='word_1_134' title='bbox 650 4048 807 4135; x_wconf 85' lang='lat' dir='ltr'>scriptoris</span> <span class='ocrx_word' id='word_1_135' title='bbox 836 4048 988 4127; x_wconf 86' lang='lat' dir='ltr'>inveniat;</span> <span class='ocrx_word' id='word_1_136' title='bbox 1016 4052 1120 4112; x_wconf 86' lang='lat' dir='ltr'>eontra</span> <span class='ocrx_word' id='word_1_137' title='bbox 1141 4049 1195 4132; x_wconf 92' lang='lat' dir='ltr'>qui</span> <span class='ocrx_word' id='word_1_138' title='bbox 1218 4050 1397 4115; x_wconf 87' lang='lat' dir='ltr'>suavitatem</span> <span class='ocrx_word' id='word_1_139' title='bbox 1419 4072 1522 4115; x_wconf 86' lang='lat' dir='ltr'>narra-</span> 
     </span>
     <span class='ocr_line' id='line_1_20' title="bbox 443 4149 1521 4239; baseline -0.002 -19"><span class='ocrx_word' id='word_1_140' title='bbox 443 4156 551 4231; x_wconf 92' lang='lat' dir='ltr'>tionis,</span> <span class='ocrx_word' id='word_1_141' title='bbox 575 4153 723 4239; x_wconf 86' lang='lat' dir='ltr'>poeticam</span> <span class='ocrx_word' id='word_1_142' title='bbox 747 4149 962 4216; x_wconf 87' lang='lat' dir='ltr'>sublimitatem</span> <span class='ocrx_word' id='word_1_143' title='bbox 985 4154 1038 4215; x_wconf 84' lang='lat' dir='ltr'>aut</span> <span class='ocrx_word' id='word_1_144' title='bbox 1059 4152 1185 4216; x_wconf 89' lang='lat' dir='ltr'>oratoris</span> <span class='ocrx_word' id='word_1_145' title='bbox 1208 4174 1315 4217; x_wconf 86' lang='lat' dir='ltr'>nervos</span> <span class='ocrx_word' id='word_1_146' title='bbox 1338 4158 1427 4239; x_wconf 89' lang='lat' dir='ltr'>atque</span> <span class='ocrx_word' id='word_1_147' title='bbox 1449 4175 1521 4218; x_wconf 87' lang='lat' dir='ltr'>acu-</span> 
     </span>
     <span class='ocr_line' id='line_1_21' title="bbox 444 4254 1522 4345; baseline -0.001 -22"><span class='ocrx_word' id='word_1_148' title='bbox 444 4279 514 4323; x_wconf 91' lang='lat' dir='ltr'>men</span> <span class='ocrx_word' id='word_1_149' title='bbox 532 4257 681 4345; x_wconf 89' lang='lat' dir='ltr'>percipere</span> <span class='ocrx_word' id='word_1_150' title='bbox 699 4254 787 4332; x_wconf 87' lang='lat' dir='ltr'>velit,</span> <span class='ocrx_word' id='word_1_151' title='bbox 809 4256 928 4342; x_wconf 89' lang='lat' dir='ltr'>saepius</span> <span class='ocrx_word' id='word_1_152' title='bbox 950 4277 1034 4320; x_wconf 92' lang='lat' dir='ltr'>nunc</span> <span class='ocrx_word' id='word_1_153' title='bbox 1055 4256 1088 4320; x_wconf 90' lang='lat' dir='ltr'>in</span> <span class='ocrx_word' id='word_1_154' title='bbox 1110 4254 1247 4321; x_wconf 89' lang='lat' dir='ltr'>obscuris</span> <span class='ocrx_word' id='word_1_155' title='bbox 1270 4257 1416 4335; x_wconf 85' lang='lat' dir='ltr'>offendat,</span> <span class='ocrx_word' id='word_1_156' title='bbox 1431 4279 1522 4342; x_wconf 90' lang='lat' dir='ltr'>quam</span> 
     </span>
     <span class='ocr_line' id='line_1_22' title="bbox 445 4359 1520 4447; baseline -0.002 -21"><span class='ocrx_word' id='word_1_157' title='bbox 445 4360 499 4426; x_wconf 93' lang='lat' dir='ltr'>illo</span> <span class='ocrx_word' id='word_1_158' title='bbox 521 4366 654 4447; x_wconf 90' lang='lat' dir='ltr'>tempore</span> <span class='ocrx_word' id='word_1_159' title='bbox 676 4359 780 4437; x_wconf 87' lang='lat' dir='ltr'>fiebat,</span> <span class='ocrx_word' id='word_1_160' title='bbox 802 4381 878 4444; x_wconf 88' lang='lat' dir='ltr'>quo,</span> <span class='ocrx_word' id='word_1_161' title='bbox 900 4360 992 4425; x_wconf 91' lang='lat' dir='ltr'>nimis</span> <span class='ocrx_word' id='word_1_162' title='bbox 1014 4359 1156 4439; x_wconf 83' lang='lat' dir='ltr'>fortasse,</span> <span class='ocrx_word' id='word_1_163' title='bbox 1179 4362 1211 4424; x_wconf 93' lang='lat' dir='ltr'>in</span> <span class='ocrx_word' id='word_1_164' title='bbox 1227 4359 1396 4431; x_wconf 87' lang='lat' dir='ltr'>litterarum</span> <span class='ocrx_word' id='word_1_165' title='bbox 1409 4361 1520 4427; x_wconf 90' lang='lat' dir='ltr'>studiis</span> 
     </span>
     <span class='ocr_line' id='line_1_23' title="bbox 447 4463 1520 4532; baseline 0 -4"><span class='ocrx_word' id='word_1_166' title='bbox 447 4464 639 4531; x_wconf 87' lang='lat' dir='ltr'>delectationi</span> <span class='ocrx_word' id='word_1_167' title='bbox 668 4463 843 4532; x_wconf 85' lang='lat' dir='ltr'>serviebant.</span> <span class='ocrx_word' id='word_1_168' title='bbox 888 4463 1002 4530; x_wconf 86' lang='lat' dir='ltr'>Melius</span> <span class='ocrx_word' id='word_1_169' title='bbox 1031 4468 1130 4531; x_wconf 88' lang='lat' dir='ltr'>tamen</span> <span class='ocrx_word' id='word_1_170' title='bbox 1153 4464 1206 4530; x_wconf 92' lang='lat' dir='ltr'>illa</span> <span class='ocrx_word' id='word_1_171' title='bbox 1228 4466 1345 4532; x_wconf 83' lang='lat' dir='ltr'>ratione</span> <span class='ocrx_word' id='word_1_172' title='bbox 1366 4487 1450 4532; x_wconf 85' lang='lat' dir='ltr'>verae</span> <span class='ocrx_word' id='word_1_173' title='bbox 1471 4486 1520 4529; x_wconf 90' lang='lat' dir='ltr'>so·</span> 
     </span>
    </p>
   </div>
   <div class='ocr_carea' id='block_1_5' title="bbox 0 0 1822 5450">
    <p class='ocr_par' dir='ltr' id='par_1_5' title="bbox 0 0 1822 5450">
     <span class='ocr_line' id='line_1_24' title="bbox 0 0 1822 5450; baseline 0 0"><span class='ocrx_word' id='word_1_174' title='bbox 0 0 1822 5450; x_wconf 95' lang='lat' dir='ltr'> </span> 
     </span>
    </p>
   </div>
  </div>
 </body>
</html>
