3609 5450
929 412 1085 507 -ρ-

467 631 533 716 lege
564 629 601 692 de
631 630 683 708 iis,
712 630 766 714 qui
795 653 813 693 a
845 631 957 716 populo
988 651 1097 695 corona
1128 626 1331 706 donabantur,
1361 629 1433 712 quia
1456 630 1556 709 vitio,

465 731 547 804 quod
572 754 625 795 sua
648 732 714 819 lege
741 733 848 798 tollere
870 733 991 799 volebat
1012 733 1187 820 legislator,
1208 754 1271 796 non
1294 738 1315 814 ἤ
1336 733 1476 807 ἐκκλησία
1499 734 1556 797 sed

466 831 499 894 τὸ
522 833 635 914 θέοντρον
659 837 828 915 ἠνωχλεῖτο.
1149 828 1154 839 “
1183 847 1185 852 ’

509 937 526 1019 ᾧ
552 940 625 1001 208.
654 936 700 1002 θτθ
727 940 768 1019 τῷ
798 937 942 1010 πολλάκις
972 938 1026 1017 ροέν
1056 939 1226 1018 ἐπιορκοῦντι
1256 936 1303 1001 oiri
1335 936 1364 1000 δὲ
1394 938 1462 1018 πρὸς
1485 940 1555 1011 τοὺς

465 1039 571 1110 κθτοὺς
600 1042 666 1118 μεθ’
695 1037 779 1122 θρκονν
805 1040 931 1118 οθέιοῦντι
959 1041 1147 1106 πιστεθεσθκι
1177 1041 1250 1104 δυοῖν
1280 1038 1394 1120 θθτερον
1425 1040 1556 1122 ὑποθρξκι

465 1139 524 1216 δεῖ,
549 1138 585 1206 ὧν
607 1142 748 1224 οὐδέτερόν
771 1147 832 1209 ἐστι
856 1144 1030 1223 Δημοσθένει
1054 1143 1200 1224 ὑπάρχον,
1222 1145 1238 1218 ἢ
1258 1144 1324 1214 τοὺς
1344 1144 1420 1216 θεοὺς
1439 1148 1556 1218 κοινοὺς

465 1243 570 1317 drabe
600 1248 747 1327 οὶκροοιτθις
777 1250 819 1324 μὴ
850 1249 916 1319 τοὺς
946 1247 1062 1317 κὺτοθς.
1109 1246 1268 1310 Vocabula
1297 1247 1357 1309 ista
1387 1247 1457 1327 πρὸς
1484 1250 1556 1321 τοὺς

465 1349 570 1420 οιθτοὺς
593 1351 740 1432 ejicienda
763 1354 853 1429 sunt,
875 1352 947 1433 quia
970 1350 1151 1413 sententiam
1170 1349 1257 1414 valde
1278 1350 1462 1434 perturbant.
1495 1352 1556 1416 Est

464 1453 544 1514 enim
572 1452 705 1538 insignis
737 1454 942 1517 contradictio
966 1455 992 1517 si
1016 1453 1163 1517 dicimus:
1187 1454 1231 1531 ei,
1254 1455 1307 1538 qui
1331 1457 1414 1533 apud
1436 1458 1554 1518 eosdem

459 1555 654 1638 jurejurando
675 1555 765 1619 fidem
785 1558 899 1619 efficere
911 1556 996 1634 vult,
1009 1580 1084 1642 opus
1096 1562 1143 1621 est
1163 1557 1354 1621 auditoribus
1365 1580 1424 1620 κοκ
1435 1560 1554 1622 iisdem.

509 1658 526 1740 d
552 1661 624 1721 243.
653 1659 669 1733 ἢ
692 1657 816 1731 τοιοῦτός
839 1661 916 1724 ἐστιν
939 1657 968 1723 ὃν
990 1660 1152 1742 νένροιφκς
1175 1662 1407 1742 στεφκνοῦσθοιι,
1432 1656 1485 1732 οἷος
1508 1664 1555 1739 μὴ

463 1761 674 1836 γιγνώσκεσθαι
705 1763 760 1827 ὑπὸ
789 1768 844 1827 τῶν
875 1759 908 1827 εὖ
938 1763 1132 1839 πεπονθότων,
1157 1762 1193 1826 θον
1215 1766 1258 1841 μὴ
1281 1765 1325 1836 τίς
1348 1788 1391 1829 σοι
1414 1763 1552 1846 συνείπρ;

464 1864 634 1928 Pronomen
656 1888 700 1937 τις
726 1865 885 1930 delendum
909 1870 963 1928 est.
1009 1865 1111 1950 Rogat
1134 1867 1213 1929 enim
1233 1871 1350 1930 orator:
1370 1875 1466 1931 “num
1482 1869 1554 1946 ille,

465 1969 515 2031 cui
539 1990 678 2033 conoram
705 1969 857 2048 decernis,
879 1973 941 2034 tam
964 1970 1090 2055 ignotus
1112 1973 1175 2045 est,
1196 1974 1233 2032 ut
1256 1970 1320 2044 illi,
1343 1970 1455 2055 quibus
1477 1972 1555 2036 bene

465 2073 587 2150 feeerit,
618 2095 686 2136 eum
717 2095 780 2136 non
807 2073 947 2137 noverint
974 2072 1036 2135 nisi
1059 2073 1123 2158 ipse
1146 2077 1247 2137 tecum
1270 2073 1360 2137 verba
1382 2074 1493 2152 faciat,
1516 2080 1554 2139 ut

464 2174 584 2239 vultum
616 2197 704 2239 suum
736 2173 901 2240 ostendat.''
947 2174 1031 2245 Quid
1058 2175 1195 2258 juvaret,
1220 2178 1246 2239 si
1270 2176 1348 2240 elius
1370 2179 1439 2261 quis
1461 2178 1553 2241 verba

464 2278 597 2342 faceret?
629 2277 735 2340 Nihil:
766 2299 834 2340 nam
864 2277 916 2341 hic
946 2299 1008 2340 non
1039 2279 1193 2361 quaeritur
1221 2279 1258 2341 de
1281 2285 1398 2343 oratore
1421 2282 1551 2345 amicum

466 2380 660 2456 defendente,
684 2379 736 2444 sed
757 2384 878 2443 tantum
901 2379 938 2443 de
961 2378 1082 2442 homine
1101 2380 1134 2442 in
1153 2384 1332 2465 suggestum
1348 2381 1551 2446 adscendente

463 2489 500 2548 ut
523 2484 713 2547 coronandus
737 2487 946 2570 cognoscatur.
992 2484 1103 2567 Atqui,
1126 2484 1195 2566 quis
1218 2482 1294 2561 hoc,
1314 2485 1341 2548 si
1361 2506 1437 2571 opus
1457 2490 1551 2563 esset,

463 2587 561 2650 facere
584 2587 718 2662 deberet,
740 2587 802 2650 nisi
830 2587 1020 2652 coronandus
1042 2588 1130 2672 ipse?

509 2691 526 2774 d
551 2693 734 2755 adu-246.
780 2692 831 2756 ἐθιν
861 2695 1036 2773 ἐπερωτῶσιν
1063 2693 1143 2769 ὑμᾶς
1177 2691 1202 2756 οἱ
1236 2692 1359 2771 νεώτεροι
1381 2693 1450 2774 πρὸς
1473 2699 1551 2757 ποῖον

464 2795 523 2875 χρὴ
554 2792 747 2876 ποιροθδειγρκ
777 2796 882 2867 κθτοὺς
913 2796 961 2861 τὸν
990 2796 1054 2873 βίον
1079 2796 1236 2870 ποιεῖσθοοι,
1267 2795 1297 2859 τί
1318 2805 1455 2877 κρινεῖτε;
1488 2797 1551 2860 Pro

464 2905 582 2978 κρινεῖτε
611 2898 772 2985 legendum
800 2900 923 2964 videtur
945 2901 1148 2980 οὶποκρινεῒσθε.
1195 2899 1298 2970 Quum
1322 2902 1402 2965 enim
1425 2903 1457 2964 in
1480 2922 1551 2985 pro-

466 3003 525 3066 tasi
548 3003 666 3091 legatur
690 3004 740 3067 ἐθον
764 3005 940 3085 ἐπερωτῶσιν
963 3004 1060 3080 ὑμᾶς,
1084 3005 1117 3065 in
1140 3003 1263 3087 apodosi
1286 3026 1348 3068 non
1369 3004 1550 3089 requiritur:

464 3107 540 3190 quid
554 3108 757 3189 judicabitis,
780 3108 831 3171 sed
854 3107 930 3189 quid
953 3105 1210 3187 respondebitis!-

665 3310 797 3374 Oratio
820 3308 1090 3373 Demosthenis
1111 3329 1176 3393 pro
1199 3308 1349 3371 Corona.

511 3519 538 3601 d.
562 3520 612 3579 20.
643 3517 685 3581 τοὶ
715 3516 743 3579 δὲ
773 3514 890 3579 τούτων·
912 3514 1094 3592 attractam.
1141 3514 1245 3585 Quum
1276 3537 1339 3579 non
1369 3516 1442 3580 satis
1473 3515 1551 3580 mihi

466 3625 619 3706 appareret
648 3642 708 3703 quo
738 3619 899 3704 respiceret
930 3640 1093 3703 pronomen
1121 3619 1243 3696 τούτων,
1266 3620 1328 3682 imo
1350 3621 1551 3706 grammatica

467 3726 582 3788 ratione
610 3725 758 3809 respicere
786 3722 938 3786 videretur
966 3721 1004 3785 ad
1026 3723 1204 3809 praecedens
1227 3718 1282 3799 οἷς,
1305 3746 1339 3787 eo
1364 3730 1464 3788 autem
1487 3746 1551 3787 non

465 3829 612 3913 respicere
634 3834 754 3914 posset,
777 3827 848 3911 quia
871 3824 922 3889 hic
947 3827 1057 3890 Orator
1081 3827 1117 3891 de
1138 3828 1257 3890 nemine
1276 3828 1336 3890 nisi
1349 3827 1386 3891 de
1396 3826 1553 3892 Aeschine

466 3932 590 4015 ejusque
613 3932 704 3995 sociis
729 3932 862 4016 cogitare
884 3932 1005 4014 potuit;
1028 3952 1083 4014 pro
1106 3930 1213 3994 τούτων
1237 3931 1353 4013 conjeci
1376 3931 1552 4016 ponendum

465 4056 530 4098 esse
558 4057 646 4098 τινων.
692 4034 905 4097 Amicissimus
937 4031 1095 4096 Francken
1125 4036 1224 4095 autem
1256 4033 1293 4095 de
1323 4032 1382 4097 hoc
1412 4035 1479 4098 loeo
1511 4037 1550 4099 ad

465 4160 513 4201 me
545 4136 676 4221 scripsit.
727 4136 880 4220 “Accipio
911 4136 1068 4213 δεικτικῶς·,
1098 4134 1180 4218 quod
1212 4136 1237 4198 si
1268 4141 1349 4199 recte
1379 4161 1411 4201 se
1442 4137 1549 4217 habet,

467 4240 658 4304 scribendum
688 4240 782 4302 fuerit
811 4234 954 4302 τοοτωνί.”
988 4237 1135 4308 Quamvis
1154 4239 1257 4301 'etiam
1287 4261 1371 4302 nunc
1395 4241 1548 4320 dubitem,

465 4348 566 4407 tamen
590 4342 667 4406 hanc
690 4342 970 4428 interpretationem
993 4342 1117 4405 minime
1140 4342 1336 4427 spernendam
1360 4366 1474 4409 censeo.

511 4449 529 4531 b
561 4452 611 4512 22.
642 4446 692 4511 uui
721 4449 768 4511 ἐπ’
798 4448 889 4520 driade
919 4454 972 4521 τῆς
995 4445 1132 4520 οὶκιρθείκς
1155 4445 1226 4511 οὕτω
1250 4447 1441 4527 δεικνυμένων.
1487 4448 1549 4512 Le-
