3609 5450
1077 473 1383 553 Leues-n

1085 603 1368 668 Quaere·

1122 694 1543 760 zuo-2⁸4

1136 798 1401 860 aasz

1007 1316 1011 1327 ·
1054 1267 1774 1392 onsmvffloms
1837 1322 2527 1420 MISCELLANEAE.

1690 1593 1887 1626 scmPsrr

1462 1813 1531 1871 D.
1586 1811 1961 1871 BURGER
2016 1812 2125 1870 JR.

1670 2150 1921 2172 <OQ-

892 2432 1170 2497 Oratio
1215 2430 1631 2496 Aeschinis
1677 2426 2045 2496 adversus
2092 2428 2696 2519 Ctesiphontem.

1463 2573 1537 2631 (ex
1564 2568 1828 2618 recensione
1858 2568 2097 2630 Bekkeri)

807 2750 842 2832 ᾧ
892 2752 994 2813 11.
1054 2750 1101 2813 εἰ
1161 2748 1229 2823 δή
1282 2772 1370 2820 τις
1427 2747 1550 2812 ἔστι
1603 2749 1828 2831 μέτριος
1872 2753 1984 2814 τῶν
2028 2748 2112 2814 τὰ
2152 2747 2469 2829 παράνομοι
2510 2748 2873 2832 γραφόντων.

713 2854 794 2916 In
853 2850 1068 2915 multis
1129 2850 1443 2914 codicibus
1504 2849 1731 2936 legitur
1787 2851 2010 2931 μέτριος
2056 2850 2172 2915 ἐπὶ.
2264 2851 2447 2915 Istud
2490 2850 2585 2914 ἐπὶ
2630 2853 2878 2937 quidem

711 2978 839 3021 non
901 2955 1140 3019 defendi
1199 2958 1434 3041 potest,
1480 2976 1594 3018 nec
1638 2954 1970 3039 quidquam
2016 2954 2339 3018 desiderari
2381 2953 2622 3019 videtur
2666 2956 2720 3019 si
2766 2956 2877 3041 eji-

714 3062 891 3125 citur.
982 3059 1129 3123 Non
1187 3059 1384 3144 igitur
1441 3057 1645 3122 locum
1688 3062 1986 3122 tentarem
2031 3058 2085 3121 si
2142 3056 2238 3122 ἐπὶ
2297 3079 2423 3121 non
2466 3056 2767 3144 legeretur
2808 3060 2903 3130 in,

715 3163 1046 3229 codicibus.
1137 3161 1346 3233 Quum
1409 3166 1608 3226 autem
1653 3161 1919 3249 legatur,
1963 3160 2114 3225 mihi
2159 3162 2228 3225 in
2271 3165 2529 3225 mentem
2574 3164 2743 3227 venit
2784 3162 2878 3227 lo-

716 3289 856 3331 cum
901 3288 1105 3331 sanare
1149 3264 1453 3330 levissima
1496 3266 1864 3341 mutatione,
1910 3270 1969 3329 et
2013 3287 2122 3352 pro
2162 3264 2257 3329 ἐπὶ
2296 3264 2493 3352 legere
2532 3265 2633 3331 ἔτι.
2705 3266 2878 3339 Quae

717 3370 1065 3434 coniectura
1125 3369 1179 3433 si
1239 3369 1590 3455 recipiatur,
1653 3369 1827 3433 locus
1889 3368 1980 3432 sic
2038 3369 2525 3454 interpretandus
2584 3373 2706 3435 est:
2766 3371 2878 3435 “Si
2968 3405 2980 3422 ι

718 3493 862 3535 sane
919 3472 1058 3556 quis
1118 3492 1321 3533 eorum
1339 3519 1355 3547 ,
1416 3476 1522 3555 qui
1583 3470 2004 3557 rogationibus
2043 3470 2256 3556 ’legem
2315 3471 2577 3549 violant,
2620 3474 2880 3556 posthac

722 3576 957 3661 (nempe
1000 3576 1318 3659 postquam
1361 3570 1479 3635 hoc
1523 3574 1756 3656 fecerit)
1804 3572 2028 3653 μέτριος
2076 3573 2200 3637 dici
2247 3572 2499 3659 potest?

810 3680 845 3762 ᾧ
892 3681 994 3741 442.
1040 3676 1174 3741 οὔτε
1216 3675 1405 3746 λύσαις
1450 3676 1668 3739 ἐκεῖνον.
1753 3675 1924 3739 Haec
1970 3676 2150 3740 verba
2193 3677 2396 3763 spuria
2440 3676 2740 3740 videntur.
2808 3680 2881 3746 Εἰ

721 3782 878 3845 enim
923 3802 1080 3845 nova
1120 3779 1221 3843 lex
1264 3776 1426 3842 nihil
1475 3798 1788 3841 commune
1833 3775 2089 3841 habebat
2146 3801 2285 3843 cum
2328 3778 2463 3868 lege
2508 3780 2580 3844 de
2624 3780 2727 3860 iis,
2772 3784 2885 3868 qui

721 3908 754 3948 a
798 3884 1021 3969 populo
1083 3904 1304 3947 corona
1364 3881 1778 3955 donabantur,
1840 3901 1951 3944 cur
2008 3879 2164 3946 hanc
2206 3882 2396 3971 legem
2440 3884 2657 3948 tollere
2696 3884 2886 3955 vellant

719 3987 1072 4073 legislator?
1122 3986 1264 4049 Hoc
1311 4007 1600 4049 conamen
1633 3984 2065 4050 stultissimum
2102 3992 2289 4065 esset,
2328 4009 2468 4054 cum,
2502 3986 2908 4056 delibera&-

719 4090 904 4156 nibus
951 4091 1023 4155 de
1065 4111 1223 4154 nova
1268 4088 1400 4175 iege
1443 4089 1685 4153 ferenda
1733 4089 1865 4153 sine
1908 4087 2037 4180 ulla
2080 4089 2368 4155 utilitate
2392 4092 2725 4156 addidisset
2775 4085 2894 4156 ffb&

719 4194 1136 4259 liberationem
1197 4192 1270 4256 de
1327 4192 1460 4277 lege
1503 4192 1764 4256 ‘innoxia
1808 4188 2164 4278 abroganda.
2252 4192 2370 4259 Est
2408 4196 2604 4281 ‘igitur
2647 4191 2885 4262 addita!-

721 4303 992 4364 mentum
1039 4319 1161 4361 non
1208 4300 1452 4360 tantum
1499 4316 1970 4381 supervacuum,
2014 4295 2119 4360 sed
2164 4300 2226 4359 et
2270 4294 2612 4361 absurdum.
2704 4297 2877 4361 Nihil

721 4401 860 4469 vult
908 4404 1109 4465 orator
1150 4400 1270 4464 nisi
1316 4398 1449 4464 hoc.
1541 4400 1720 4466 Nova
1763 4399 1863 4464 lex
1900 4397 2059 4465 nihil
2099 4420 2420 4465 commune
2452 4397 2690 4465 habeba

2624 4517 2632 4554 ’1
