3609 5450
820 446 1000 552 ..35..¹

410 675 573 761 Appositio
597 679 613 749 ἡ
636 664 688 750 πῆς
713 676 883 748 Ἀσπασίοις
906 675 1061 757 σὀφοιίρεσις
1085 674 1253 759 aliquanto
1272 681 1373 739 mente
1401 700 1454 740 au-

367 780 459 843 ctoris
492 779 626 857 fraudat;
651 778 776 842 dimidio
799 781 899 843 minus
924 779 1083 842 continent
1106 800 1195 863 quam
1219 779 1284 864 ipse
1306 782 1471 848 sententia.

365 881 560 961 Κυπρογένεια
594 882 659 946 δὀὐ
694 881 826 959 ποίριπαν
859 884 1006 958 οίναίπιος,
1031 883 1298 965 qnaeutriusquc
1328 884 1453 969 respicit

366 1007 494 1049 amorem
516 985 667 1049 infelicem
688 985 825 1050 Teribazi
842 991 872 1050 et
892 986 990 1051 Darii.
1035 985 1187 1069 Ejiciatur
1205 985 1302 1070 igitur
1324 986 1383 1049 ista
1402 1010 1453 1073 ap-

365 1091 487 1174 positio.
517 1080 673 1154 Ceterum
703 1090 817 1174 reliqua
849 1091 978 1176 speciem
1010 1112 1114 1154 versus
1146 1089 1292 1173 dactylici
1322 1112 1392 1176 prae
1423 1113 1453 1154 se

365 1193 482 1269 ferunt,
504 1215 592 1277 quem
614 1197 651 1256 nt
673 1193 706 1256 in
728 1194 884 1279 integrum
906 1195 1068 1270 restituas,
1090 1190 1173 1278 lege:

598 1334 780 1413 Κνπρονενίρς
803 1331 870 1397 δὀὐ
893 1331 1026 1410 ποίμπαν
1047 1330 1184 1404 ἀναίτιος.

756 1511 789 1601 ὀ.
813 1538 928 1604 xxix
955 1539 976 1603 1.
1000 1543 1051 1604 re.

408 1746 467 1817 Ὡς
495 1739 603 1808 δίείδεν
632 1745 831 1822 ἐσπασμένους
860 1745 901 1810 τοι
931 1745 1093 1828 ἐγχειρίδια
1118 1746 1169 1810 καί
1193 1743 1449 1828 προςφεροριένονς,

361 1849 446 1926 παχὺ
476 1849 528 1921 πῖρν
559 1848 686 1912 αὐλαίαν
717 1847 872 1924 ὑπολαβὼν
901 1836 1084 1930 οίνεχοίρνσεν
1114 1849 1153 1921 είς
1186 1848 1220 1915 πὸ
1242 1848 1319 1921 ἐντὸς
1342 1847 1450 1927 οίκηρια

362 1951 411 2014 καί
434 1952 489 2023 πίος
513 1951 598 2032 θύρας
620 1949 761 2031 ἐπήρραξε
783 1950 901 2031 αροίζιον.
1002 1953 1004 1956 ’

406 2054 591 2141 Recipienda
621 2059 666 2118 est
685 2053 776 2117 lectio
799 2059 929 2139 quatuor
952 2053 1092 2119 codicum
1117 2057 1144 2119 A
1164 2055 1192 2120 B
1212 2055 1237 2118 Ο
1257 2055 1287 2118 D
1311 2055 1446 2136 ἐπήραξ.

360 2158 507 2244 Exemplo
531 2160 572 2222 sit
594 2158 733 2222 Platonis
756 2158 922 2245 Protagora
944 2182 973 2244 p.
997 2162 1080 2237 314,
1096 2159 1124 2222 d.
1143 2160 1257 2240 οίριφοίν
1275 2166 1333 2223 σοῖν
1352 2167 1448 2239 χεροῖν

360 2262 413 2335 πίον
442 2264 527 2341 ίιίραν
556 2261 690 2343 ε’ποίραξε.
735 2263 854 2326 Aonisti
884 2262 981 2327 forma
1007 2260 1166 2344 ἐπήρραξε,
1194 2285 1283 2347 quam
1311 2264 1471 2351 Sintenisx>

358 2366 518 2453 praetulit,
560 2387 622 2428 non
666 2365 774 2429 deduci
805 2369 908 2452 potest
938 2366 999 2429 nisi
1031 2389 1047 2428 a
1079 2365 1159 2430 verb.
1194 2364 1364 2447 ἑπαρροίσσιο
1396 2370 1448 2429 aul

358 2468 538 2551 ἕπερροίσσοο,
570 2491 646 2553 quac
675 2491 738 2533 non
766 2473 898 2539 exstant.
940 2471 1055 2533 Verum
1078 2471 1229 2534 enimvero
1253 2469 1376 2534 verbum
1399 2472 1445 2533 est

358 2572 532 2654 ἐπαροίσσοο,
568 2574 768 2659 compositum
803 2595 840 2636 ex
877 2574 927 2637 ἐπί
959 2578 990 2637 et
1020 2573 1155 2653 οίροίσσοο,
1186 2573 1268 2638 unde
1290 2572 1444 2652 οίρανριίς,

359 2675 479 2757 ν’ίραξις,
504 2676 633 2757 οὶροίνδνν
658 2680 713 2741 cet.
737 2676 879 2741 derivata.

425 2868 512 2932 Scrips.
529 2883 561 2919 m.
578 2866 696 2931 Septemb.
713 2882 734 2916 a.
752 2880 880 2919 nncconn.
