3609 5450
909 490 1163 586 —ss-'

465 708 651 776 emendatior
671 705 779 787 ὁρὸνται
799 698 936 787 λαμπρίν
957 707 1026 771 α’ἕν
1047 691 1378 794 αινὸτῳνααριὸνὸφρῦν,
1393 715 1430 776 ut
1446 711 1553 792 ὁρῶντα

465 817 497 881 ct
517 809 653 891 λαιμααρὸν
672 811 704 873 ἐκ
724 809 916 889 παραλλήλου
932 808 997 873 sint
1008 811 1116 896 posita.
1147 810 1207 875 Sed
1219 811 1426 898 ampliandum
1436 835 1552 878 censeo.

475 926 487 949 '¹
510 919 583 981 294.
605 911 749 979 συλλύειν.
784 910 886 976 Schol.
908 913 996 976 affert
1018 913 1192 993 αννκλύεαν;
1215 914 1455 1001 improbandum.
1607 906 1609 911 ’

466 1057 469 1061 «
493 1021 585 1084 alr.
607 1015 639 1082 ct
656 1038 699 1079 ααα
720 1013 853 1097 Φαίριενας
876 1013 893 1089 ἢ
916 1013 948 1078 τί
969 1013 1053 1095 ῥέξαις
1075 1012 1351 1096 excrescentes
1364 1019 1552 1102 (manussec.

463 1118 575 1209 ὁκαιίεν)
605 1117 765 1199 οὐρίσας.
812 1116 914 1182 Schol
944 1118 1159 1199 αὸρααὸραριήσαις
1187 1119 1293 1198 habet3
1316 1121 1394 1186 alius
1422 1121 1554 1208 explicat

466 1223 600 1307 ναίῤῥααίὲν
637 1247 686 1287 σαν
720 1221 939 1304 ἀφοριζόμενος,
971 1243 1048 1306 quae
1069 1223 1232 1309 explicatio
1256 1225 1352 1310 magis
1373 1225 1407 1288 in
1430 1229 1552 1309 promtu

465 1333 545 1406 erat,
573 1328 600 1391 si
624 1325 742 1412 legebat
764 1323 864 1412 ἕκαθεν
885 1325 1035 1406 ααύρίσαις,
1062 1325 1143 1411 quod
1166 1326 1381 1413 explicandum
1402 1329 1481 1392 foret
1503 1333 1554 1394 σαὸ

464 1433 560 1514 ὁρίσας
581 1431 630 1496 vel
652 1430 694 1493 σαί
716 1429 819 1510 ὁριααια.
852 1427 913 1512 (Of.
936 1429 1031 1493 Arist.
1059 1429 1180 1495 Thesm„
1203 1435 1267 1495 158
1291 1431 1457 1510 ααῦααισίενς
1474 1433 1553 1496 infra

465 1540 528 1602 927
565 1531 681 1612 σούρίζει
706 1562 741 1583 =
765 1531 808 1596 σαί
837 1530 950 1616 ὁρίζει),
983 1533 1036 1596 vix
1058 1536 1160 1597 autem
1177 1538 1283 1619 posset
1306 1534 1479 1619 significare
1502 1538 1553 1598 ααὸ

465 1639 592 1721 οὐρίσας,
617 1657 756 1718 prospero
782 1636 866 1720 flato
888 1636 933 1698 od
950 1642 980 1698 te
998 1637 1171 1712 demittens,
1194 1637 1265 1720 quia
1287 1637 1436 1701 eiusmodi
1459 1638 1553 1701 orasis

465 1765 527 1807 non
561 1740 749 1804 admittenda
781 1739 919 1814 videtur,
951 1760 1049 1823 neque
1078 1739 1252 1803 defenditur
1281 1741 1355 1804 satis
1379 1741 1460 1805 Pers.
1480 1745 1554 1805 848.

466 1844 604 1910 Verbum
638 1841 714 1923 ὁρίζω
749 1847 850 1905 antem
883 1840 942 1906 hoc
972 1840 1041 1906 loco
1074 1864 1137 1906 non
1168 1847 1345 1928 aptumest.
1390 1845 1430 1907 In
1452 1844 1553 1908 eadem

465 1948 663 2013 annotatione
693 1944 877 2010 scholiastae
901 1944 1025 2031 ‘legitur
1057 1945 1094 2009 ad
1128 1945 1340 2031 explicandum
1373 1946 1554 2011 vocabulum

467 2055 633 2131 ίσατιριιαραν
654 2050 711 2134 (sic
729 2048 824 2133 Med.)
843 2048 981 2126 ἐναντίαν,
996 2049 1077 2113 unde
1089 2071 1158 2113 vera
1168 2048 1261 2114 lectio
1273 2049 1432 2128 αὸντίριαιραν
1442 2050 1554 2136 prodit.

510 2159 584 2220 366.
617 2154 755 2234 ιε’ὁαιψαιι.
796 2152 943 2217 Scholion
969 2173 1053 2217 nune
1087 2153 1218 2216 editrrm:
1251 2152 1345 2219 λείπει
1375 2154 1409 2218 τὸ
1431 2154 1554 2236 ὤφειλες

467 2258 542 2343 (imo
563 2257 697 2341 ὤφελον).
743 2257 829 2320 Hinc
859 2259 980 2321 constat
1007 2256 1201 2320 scholiastam
1222 2257 1333 2344 legisse
1354 2258 1555 2341 τεὸαίφὸαιι,

467 2362 550 2446 qnod
581 2361 622 2425 H.
645 2361 682 2424 L.
704 2357 842 2436 Ahrens,
871 2361 909 2422 de
939 2360 1041 2423 ααιιαὸν
1062 2361 1240 2444 quibusdam
1262 2361 1405 2446 Aeschyli
1426 2362 1555 2424 nondum

467 2466 545 2530 sotis
577 2464 743 2541 ανιιαιιαίαρίὸ,
776 2486 805 2548 p.
829 2466 887 2540 16,
919 2461 1081 2527 infirmiori
1115 2486 1190 2527 usus
1213 2468 1408 2550 argumento,
1435 2485 1473 2528 ex
1495 2464 1555 2528 alio

468 2567 587 2634 scholio
613 2566 789 2652 (αίνρρῆσίααα)
814 2570 952 2644 eruerat,
973 2565 1133 2652 probatum
1153 2566 1329 2632 Hermanno
1341 2572 1372 2631 et
1384 2568 1555 2632 Dindorfio.

468 2672 527 2738 Sed
549 2675 632 2738 recte
653 2671 736 2758 prior
759 2670 871 2735 adiecit
893 2670 1042 2751 ναέναρασα,
1069 2671 1152 2738 uude
1172 2672 1345 2737 infinitivus
1368 2671 1511 2758 pendeat:

719 2836 803 2917 παρὸι
825 2836 1017 2917 Σκαμάνδρου
1040 2836 1123 2917 ααὸραν
1144 2818 1288 2919 νείαίφὸαιι

688 2961 696 2980 ·
720 2939 862 3020 ναέναραααα·
886 2938 976 3021 αναίρας
999 2941 1076 3017 δἀί,
1267 2927 1270 2932 ’

469 3096 550 3158 certe
582 3092 790 3156 nominativus
825 3113 895 3157 cum
929 3092 1092 3156 infinitivo·
1113 3091 1179 3155 sine
1200 3089 1350 3177 particula
1374 3087 1418 3167 αιί,
1441 3087 1498 3153 alte
1519 3089 1557 3153 ad

467 3200 572 3261 votum
595 3194 832 3281 significandum
853 3194 1026 3280 probandus
1045 3214 1107 3255 non
1127 3192 1264 3270 videtur,
1280 3215 1336 3256 nec
1348 3193 1558 3256 demonstrant

468 3296 531 3361 loci
565 3296 602 3360 ab
636 3295 796 3360 Ahaeusio'
820 3296 904 3360 allati
939 3295 997 3358 0d.
1026 3296 1102 3358 VH.
1126 3298 1207 3373 311,
1230 3294 1355 3359 XXIV.
1379 3298 1461 3372 376,
1482 3293 1557 3358 Eur.

469 3398 541 3465 Hel.
565 3403 646 3475 262,
668 3420 796 3483 quorum
819 3404 988 3484 postremus
1007 3398 1097 3461 etiam
1116 3397 1154 3460 ob
1167 3397 1256 3462 aliam
1268 3419 1386 3462 causam
1398 3402 1557 3485 suspectus

469 3506 524 3569 est.
545 3540 590 3549 —
613 3502 673 3566 Sed
699 3502 735 3565 de
751 3500 881 3566 lectione
902 3498 1047 3583 τείαίφίαιι
1068 3524 1157 3567 nemo
1179 3524 1263 3567 nunc
1286 3502 1449 3567 dubitabit.
1552 3549 1555 3554 -

473 3639 478 3648 ,
513 3608 587 3673 373.
617 3604 792 3686 ὁπαρβαρέαν.
826 3597 937 3670 Glossa
958 3605 1108 3688 ὑπερορίαν.
1140 3607 1251 3693 Inepta
1278 3608 1461 3672 coniectura.
1495 3605 1556 3670 Sed

468 3710 522 3775 vix
545 3731 563 3773 a
585 3708 755 3775 Scholiasta
777 3709 914 3796 prolecta
936 3714 990 3775 est.

473 3865 479 3874 .
514 3814 588 3878 384.
621 3818 695 3891 Ζεὸ,
724 3818 781 3879 Ζεῦ
801 3812 928 3879 καίτωὸεν
949 3812 1121 3892 αὸριααίριααααν
1138 3812 1349 3895 ’Τατερὸανααναν
1371 3810 1445 3888 bona
1468 3810 1558 3897 (α’ίααιν

469 3939 509 3983 m.
543 3917 613 4001 seo.)
648 3921 756 3997 Βρατιὸν
778 3915 911 3995 ’τλιίραανι
941 3916 991 3981 καί
1011 3917 1167 3997 γνααιναιίργιρ
1189 3917 1280 3997 Χειρί,
1302 3914 1558 3992 νακεῦααὸὁριαας

471 4025 653 4096 νελεὸταιι.
698 4019 748 4083 Ad
781 4025 933 4106 postrema
966 4019 1068 4084 Schol.
1101 4016 1148 4084 ίναι
1180 4021 1214 4085 τὸ
1247 4018 1340 4097 ὁμαιαν
1367 4020 1418 4083 καιί
1440 4016 1499 4083 ίσαν
1517 4020 1558 4100 τῷ

470 4123 563 4206 παιτρί
591 4146 646 4201 μιν
675 4123 832 4206 φυλαχθῇ.
879 4122 1074 4188 Hermannus
1105 4121 1207 4188 Schol.
1234 4121 1345 4208 legisse
1371 4126 1460 4209 putat
1481 4121 1557 4196 ὁπως

378 4217 381 4224 ’
470 4250 525 4314 pro
553 4226 646 4307 taum
675 4229 706 4290 at
737 4226 783 4290 sic
812 4248 875 4290 non
906 4232 1040 4314 apparet,
1069 4227 1151 4291 unde
1174 4226 1370 4291 sumserit'rb
1384 4225 1485 4306 1ὁρααααν
1506 4224 1557 4291 καιί

470 4329 536 4396 ἴσον.
581 4332 690 4416 Itaque
710 4328 896 4416 probabilius
923 4335 969 4396 est
990 4335 1120 4396 τακεὸαιν
1142 4330 1218 4408 ὁμῶς
1237 4330 1399 4407 τελεῖσθαι,
1420 4337 1456 4393 ut
1473 4329 1558 4393 ιαἀνιί-

472 4433 518 4497 lio
530 4437 710 4517 parentibus
722 4438 824 4520 fiant,
843 4457 920 4520 quae
938 4434 1102 4523 explicatio
1120 4434 1226 4521 procul
1244 4433 1336 4499 dubio
1348 4431 1559 4521 improbanda,

470 4537 524 4618 ul
545 4539 677 4605 uarietas
708 4538 849 4605 lectionis
878 4543 925 4605 est
953 4561 1016 4614 nou
1033 4520 1225 4627 negligenda
1270 4538 1412 4605 Fortasse
1433 4536 1557 4623 scripsit
