3609 5450
739 531 742 535 .
814 470 985 531 -93—

361 652 449 741 ἕργιρ..
474 652 576 720 Schol.
598 656 635 720 σὺ
656 653 687 718 δὲ
708 690 752 701 ——
774 652 844 720 όποιν
867 654 920 737 lup
941 652 1053 733 κοιιρός,
1077 651 1150 736 ἔργῳ
1171 653 1317 733 ἐπιβαλοῦ
1337 656 1439 720 ἐπικοι-

358 758 516 843 receperas
538 758 571 824 σθ
594 755 709 822 εόδοιλον
731 763 782 823 τοῦ
796 758 926 840 ποιτρός.
972 754 1118 821 Scholion
1140 755 1199 821 hoc
1221 760 1363 842 antiquae
1378 780 1442 823 ma-

358 888 416 930 nus
450 862 579 948 vestigia
613 862 767 939 continet,
801 866 832 926 et
867 884 969 926 sanam
999 861 1177 925 sententiam
1206 860 1343 946 praebet,
1365 883 1442 946 quae

356 972 458 1034 tamen
487 989 550 1031 non
572 986 694 1051 prorsus
718 986 788 1029 cum
816 964 931 1041 verbis,
953 987 1029 1049 quae
1051 985 1135 1027 nunc
1157 964 1319 1052 leguntur,
1340 969 1442 1050 potest

359 1070 524 1136 conciliari.
558 1068 607 1132 De
629 1067 764 1154 singilis>
784 1069 946 1132 videamus.
973 1068 1132 1152 'Agnoscit
1154 1068 1191 1132 σὺ
1213 1064 1443 1147 δὲθοορσῶνότιιν

359 1172 411 1257 {lap
498 1171 631 1243 ἑποιΰσοις
655 1171 783 1253 ποισρόςς
806 1172 922 1255 reliqua
945 1169 1037 1235 dubia
1059 1171 1148 1250 suut3
1170 1193 1226 1258 pro
1247 1172 1331 1251 μέρος
1353 1170 1442 1251 ἔργον

359 1260 411 1343 est¹
427 1279 461 1341 in
484 1273 602 1340 scholio
624 1275 737 1355 κοιιρόι,
761 1273 833 1356 ἔργῳ
856 1274 1021 1352 ἐπιβαλοῦ,
1042 1295 1097 1359 pro
1120 1272 1194 1355 ἔργῳ
1205 1278 1251 1338 est
1263 1268 1442 1339 εἴδωλονῗ-

358 1381 452 1462 Μέρος
474 1383 504 1443 et
525 1377 637 1458 κοοιρός,
661 1378 687 1442 si
709 1379 818 1461 formas
836 1379 1006 1442 litterarum
1025 1402 1044 1441 κ
1064 1381 1094 1442 st
1105 1378 1185 1461 ra(in
1197 1377 1336 1442 Mediceo
1349 1376 1440 1461 certe)

358 1488 389 1548 et
410 1483 492 1571 leges
514 1482 647 1545 itacismi
670 1485 802 1567 spectes,
825 1483 878 1546 vix
901 1483 1062 1560 differunt;
1086 1480 1201 1546 centies
1224 1505 1255 1545 οιι
1279 1485 1309 1545 et
1332 1507 1346 1544 ε
1369 1502 1443 1544 con·

358 1585 538 1653 funduntur.
583 1585 693 1669 Itaque
714 1606 776 1648 nou
798 1582 996 1671 improbabile
1018 1583 1140 1648 videtur
1161 1606 1216 1670 pro
1234 1585 1317 1665 μέρος
1328 1584 1444 1648 lectum

357 1690 453 1755 fuisse
475 1686 607 1767 κοιρός.
637 1686 755 1769 ’Έργοον
778 1693 808 1752 et
831 1686 903 1774 ἔργῳ
926 1689 959 1752 in
980 1689 1040 1752 fine
1052 1688 1181 1752 duorum
1194 1686 1443 1772 subsequentium

357 1814 498 1858 versuum
517 1790 577 1853 iarn
599 1812 651 1875 per
674 1813 705 1854 se
728 1789 819 1854 dubia
843 1795 932 1870 suut3
961 1795 992 1855 et
1015 1790 1203 1873 desideratur
1227 1790 1350 1855 verbum
1373 1791 1444 1854 fini-

358 1901 442 1975 tum,
475 1894 556 1979 qnod
578 1894 757 1980 respondeat
780 1894 977 1980 explicationi
999 1894 1154 1971 ἐπιβοιλοῦ.
1199 1893 1351 1964 Quocirca
1373 1894 1444 1958 vide

341 2002 433 2064 'num
455 1998 489 2062 in
510 1998 604 2084 priori
630 1996 744 2082 (ἔργον)
768 1996 860 2062 lateat
882 1996 979 2077 ἔργον,
1002 1998 1036 2061 in
1055 1997 1215 2082 posteriori
1236 1995 1333 2080 (ἔργῳ)
1353 2019 1444 2061 voca·

358 2101 480 2179 bulum,
501 2098 583 2184 quod
606 2096 720 2181 εἴδωλον
742 2102 841 2186 possit
864 2101 1050 2186 significare·
1067 2101 1190 2182 Itaque,
1207 2099 1445 2183 quumliceatin

357 2206 427 2271 loco
458 2208 520 2267 tam
544 2207 685 2289 corrupto
714 2201 830 2286 aliquid
863 2203 1047 2289 periclitari,
1081 2224 1216 2288 propono
1245 2202 1355 2288 prioris
1380 2224 1446 2267 ver·

358 2333 412 2375 sus
446 2306 524 2371 hanc
556 2306 737 2371 lectionem:
772 2306 808 2371 σὺ
838 2305 868 2370 δὲ
898 2307 1023 2387 θοιρσῶν,
1055 2303 1125 2370 όσοιν
1153 2303 1205 2388 ἤκρ
1227 2306 1338 2388 κοιιρός,
1362 2304 1446 2386 ἔρξον.

357 2413 398 2477 In
422 2413 590 2477 altteroaut
592 2433 638 2476 em
661 2433 749 2476 versu
769 2413 909 2475 constare
931 2410 1049 2495 liquido
1073 2417 1149 2496 puto
1171 2408 1263 2491 ἔργῳ,
1280 2409 1381 2475 10011111
1394 2432 1446 2474 oc-

358 2537 483 2602 cupasse
501 2515 643 2580 lectionis
665 2514 758 2600 longe
781 2514 984 2592 diversae,et
954 2519 1096 2600 etprop
1097 2536 1129 2578 cr
1152 2519 1225 2578 cont
1225 2515 1333 2600 ignum
1356 2514 1446 2595 ἔργον

359 2619 470 2703 (νοΙέρ
472 2618 531 2704 ξον)
555 2641 618 2681 esse
640 2619 803 2681 invectum.

405 2726 479 2787 843
508 2721 586 2805 Φόνιρ
615 2721 666 2803 Τῷ
696 2719 815 2801 πρόσθεν
836 2719 994 2786 ἑλκοιόνονσι
1016 2698 1065 2787 κοιι
1056 2720 1309 2802 θεόνγμένῳ.
1343 2719 1446 2787 Schol

358 2828 396 2897 ὥς
419 2823 466 2889 ἐπὶ
490 2822 660 2904 ροοιχοιόροις,
684 2825 715 2886 οὐ
739 2823 957 2906 πσιριικοιλνφθ
944 2849 1019 2900 ενπι,
1042 2825 1112 2888 ἀλλ’
1134 2825 1299 2903 οὶειμνήσπῳ
1313 2824 1371 2908 (οιεὶ
1388 2849 1446 2902 μοι·

359 2930 467 3015 νοσῷό)
514 2928 607 3014 Legit
636 2924 813 3007 δεδειγμὲνῳ.
848 2926 939 2991 Male.
973 2927 1034 2991 Pro
1065 2926 1159 3005 δόμοις
1182 2926 1376 2991 scribendum
1398 2932 1446 2992 est

359 3033 452 3115 δόμῳ,
474 3036 510 3095 ut
532 3030 620 3095 verba
643 3028 822 3094 cohaereant
845 3029 938 3110 δόμῳ,
968 3029 1125 3095 ἓλκοιόνοντι
1147 3030 1197 3096 ιιοιὶ
1221 3030 1384 3111 δεδηγμένιρ
1405 3031 1446 3112 τῷ

359 3137 478 3220 πρόσθεν
499 3134 584 3223 φόνῳ.
630 3134 723 3205 Quod
745 3134 839 3200 miror
862 3134 1038 3199 Hermanno
1059 3157 1122 3198 non
1137 3134 1171 3199 in
1186 3139 1317 3199 mentem
1330 3135 1446 3201 venisse

358 3248 412 3307 aut
434 3239 638 3327 improbatum
659 3239 761 3302 luisse.

404 3347 478 3408 940.
511 3342 609 3408 ἓλοιιιε.
633 3341 744 3426 §chol
775 3341 869 3417 ἥλοισι
900 3342 993 3429 legit,
1015 3340 1097 3427 quod
1119 3341 1179 3406 iam
1203 3340 1370 3407 Schutrius
1392 3342 1446 3407 ob-

360 3447 500 3515 servavit.
532 3447 636 3510 Recte.
669 3446 878 3526 Πνθοχρήσσοις
900 3446 1022 3531 φνγοός,
1047 3445 1134 3512 exsul
1156 3444 1194 3509 ab
1206 3446 1350 3532 Apolline
1359 3468 1445 3531 prae-

360 3552 463 3618 dictus
493 3553 540 3612 est
574 3547 711 3623 Orestes,
741 3570 830 3631 quem
864 3548 1033 3613 Cassandra
1067 3549 1104 3613 ab
1133 3549 1278 3635 Apolline
1300 3551 1446 3635 inspirata

346 3649 584 3743 ‘significaverat
606 3652 666 3737 Ag.
700 3654 794 3714 1282.
827 3650 932 3732 φυγὰς
964 3651 1112 3726 aarum
1135 3653 1219 3726 σῆςδε
1242 3652 1448 3729 aaronem

360 3760 507 3834 κόσεισιν,
531 3754 609 3827 νόσοις
631 3752 719 3825 reicis
741 3752 899 3832 θριγκώσων
918 3752 1025 3835 Φίλοις.
1072 3752 1136 3817 Hic
1159 3755 1268 3830 ἤλοοσεν
1290 3755 1447 3835 ἐςπὸποῖν,

360 3867 461 3928 totum
485 3859 671 3931 curriculum
689 3857 836 3935 confecit,
855 3854 903 3919 vel
928 3856 974 3931 ἥλ.
997 3855 1036 3928 εἷς
1057 3855 1193 3929 τὸτέλος
1212 3863 1263 3923 τοῦ
1282 3858 1398 3938 δρόμον,
1410 3864 1447 3924 ut

362 3964 543 4031 scholiastae
555 3961 654 4028 verbis
667 3965 750 4040 utar,
761 3960 815 4045 qui
827 3981 889 4024 non
902 3960 1069 4024 censendus
1080 3964 1127 4024 est
1137 3959 1248 4046 legisse
1258 3962 1298 4034 εἷς
1309 3963 1392 4034 τέλος
1401 3961 1449 4025 vel

362 4070 402 4140 εἰς
413 4068 513 4143 ἀγῶν’,
526 4072 562 4131 ut
573 4065 719 4131 Schutzio
730 4065 858 4129 videtur.
881 4065 932 4136 Ἐς
940 4062 974 4128 τὸ
985 4065 1045 4127 πόιν
1057 4064 1100 4127 sic
1114 4063 1211 4129 decies
1223 4066 1301 4151 apud
1310 4063 1446 4147 Aeschy-

362 4171 426 4235 lum
436 4169 685 4257 lcgitar.'‘Haacr
697 4173 795 4234 autem
808 4171 936 4233 metrum
954 4167 1188 4252 (dochmiacum)
1202 4168 1447 4254 optimepatitur.

393 4277 482 4345 9413.
505 4274 648 4355 σριβθς,
683 4272 784 4338 Schol.
808 4272 955 4353 σριβῖις,
978 4294 1072 4356 quum
1096 4271 1225 4336 scribat:
1248 4274 1284 4344 ὡς
1303 4268 1450 4336 σῶνοῖκοιν

362 4376 517 4460 φυγόντων
550 4378 606 4450 σόος
636 4377 791 4459 σονσριβόις
824 4381 880 4443 σῶν
914 4375 1040 4442 ιισεοθνιον
1075 4376 1133 4461 (sic
1163 4376 1244 4441 enim
1269 4372 1360 4463 lep),
1381 4375 1401 4438 i.
1424 4396 1448 4439 e.

361 4480 527 4565 ιὶνοιΦογόις
549 4481 653 4563 τριβοῖς
675 4479 812 4548 ιοπεόνοιν.
846 4481 951 4546 Recte.
