3609 5450
809 444 985 526 ..⁶62-

398 652 532 718 Tandem
562 650 730 716 emendatio
754 650 932 736 Nipperde'ii
957 652 989 715 in
1013 671 1136 715 censum
1159 651 1269 716 veniat.
1307 651 1345 715 Si
1367 651 1448 717 bene

353 761 418 845 ejus
448 758 625 821 sententiam
650 756 751 840 capio,
774 754 825 818 hia
848 760 895 819 est
916 755 978 820 looi
1001 755 1151 820 emendati
1175 777 1296 820 sensus:
1322 761 1448 843 tempus

353 865 387 928 in
415 862 477 926 dies
502 861 607 924 durius
631 880 748 944 sperare
770 857 890 922 vetabat
912 859 992 936 fore,
1015 864 1051 923 ut
1071 858 1239 923 lenioribus
1262 860 1369 925 ventis
1396 882 1448 925 ao-

353 969 419 1055 pias
439 965 639 1029 traducerent.
670 962 785 1025 Verum
807 962 840 1027 id
862 961 968 1038 verba,
990 966 1026 1026 nt
1048 985 1132 1028 nuno
1155 969 1245 1041 sunt,
1260 985 1326 1027 non
1347 965 1449 1051 signi-

353 1073 453 1136 ficant.
491 1070 571 1133 Nam
595 1073 729 1147 33333333
748 1069 775 1130 si
799 1067 988 1130 construitur
1011 1089 1081 1132 oum
1104 1067 1278 1132 accusativo
1302 1072 1337 1132 et
1360 1091 1450 1154 prae·

352 1174 503 1262 positione
525 1174 568 1235 ad
587 1171 718 1235 indicat:
740 1193 803 1234 rem
825 1169 975 1255 quandam
997 1172 1030 1235 in
1054 1194 1088 1235 ea
1110 1194 1174 1236 3333
1197 1172 1383 1238 conditione
1400 1174 1449 1238 vel

352 1277 500 1363 ejusmodi
529 1275 632 1339 indole
661 1274 710 1339 vel
724 1275 776 1338 ‘ita
799 1297 831 1338 se
852 1273 978 1351 habere,
1000 1279 1036 1338 ut
1058 1276 1264 1340 verisimiliter
1286 1276 1365 1341 inde
1389 1279 1450 1344 alia

351 1383 497 1468 quaedam
520 1384 663 1444 eventura
686 1380 737 1442 sit.

396 1488 446 1551 Ita
468 1492 538 1548 “rer
561 1489 676 1566 apertat
699 1483 742 1545 ad
760 1479 843 1545 oim''
865 1482 934 1547 Liv.
955 1486 983 1545 1.
1008 1488 1053 1559 9.,
1071 1484 1222 1547 “33333333
1241 1490 1388 1567 rpeotant
1409 1489 1452 1551 ad

352 1585 559 1653 concordiam'
582 1588 646 1651 Cio.
669 1587 707 1650 ad
730 1586 800 1650 Div.
825 1590 853 1649 5.
877 1591 906 1650 8.
940 1587 1062 1649 “Sermo
1086 1594 1156 1651 3333
1178 1589 1222 1650 ad
1236 1593 1451 1671 perorandum

351 1699 487 1775 spretore
504 1687 641 1754 videtur''
663 1688 728 1753 Oia.
752 1689 788 1752 de
811 1689 881 1752 clar.
905 1690 989 1754 Orat.
1014 1691 1118 1772 paul.
1138 1692 1157 1754 i.
1170 1714 1194 1754 3.
1216 1690 1282 1754 Iter
1298 1695 1351 1756 ita
1373 1716 1451 1761 33333

346 1802 463 1878 parato
485 1816 548 1858 3333
570 1795 700 1869 eiciatur,
724 1799 758 1855 ut
781 1814 886 1854 333333
902 1793 1079 1875 praebituro
1101 1795 1144 1857 333
1155 1795 1264 1878 foetis
1286 1797 1451 1865 3333333333.

356 1899 493 1962 Consilia
527 1905 597 1961 3333
631 1899 698 1982 ejus
728 1897 868 1980 penaria,
901 1903 936 1958 ut
959 1897 1091 1960 dominer
1114 1899 1273 1981 titiponteo
1295 1903 1452 1967 coneilio-

352 2011 422 2067 tura
445 2026 508 2066 3333
529 2004 695 2065 uideantur.
742 2000 841 2063 333333
864 2006 934 2063 tuna
955 2000 1002 2062 333
1025 2023 1089 2064 3333
1110 2002 1215 2081 33333,
1236 2008 1272 2066 33
1292 2006 1341 2068 ad
1351 2009 1452 2091 flama

348 2126 510 2190 properare
528 2106 676 2169 uideatur.

396 2211 506 2293 Itaque
536 2213 674 2272 nostrum
699 2208 800 2272 locum
830 2208 1063 2293 interpretantes
1085 2209 1130 2271 ite
1157 2209 1296 2273 dieamus
1321 2232 1453 2280 necesse

354 2319 416 2379 est:
451 2322 468 2349 ‘⁸
477 2314 617 2394 Tempus,
652 2312 732 2395 quad
753 2315 797 2395 fit
828 2312 962 2395 quotidie
995 2313 1103 2374 durius
1123 2333 1182 2374 333
1206 2316 1364 2395 3333333333
1388 2325 1451 2397 333,

353 2388 390 2478 ui
423 2421 697 2498 transportaturum
727 2435 789 2476 3333
816 2415 958 2476 33333333
990 2415 1040 2477 333
1071 2410 1164 2477 eausa
1191 2418 1255 2499 fiat
1287 2423 1453 2506 transpor-

351 2521 440 2582 tandi
474 2519 636 2582 3333333333
668 2518 776 2582 nentis.
832 2519 875 2580 At
908 2518 1054 2601 ejusmodi
1085 2519 1266 2583 sententiam
1302 2525 1454 2608 equidem

352 2623 477 2686 Caesare
499 2621 659 2708 indignam
673 2620 788 2704 judico.
810 2620 892 2707 Ergo
912 2621 1068 2685 retinenda
1086 2643 1150 2685 esse
1168 2621 1295 2709 vulgata
1306 2627 1454 2710 videtur,

352 2751 426 2813 quae
448 2728 601 2792 meliorem
625 2730 704 2791 certe
726 2748 789 2790 sese
810 2723 916 2799 habet,
940 2748 1030 2810 quam
1051 2726 1231 2813 Nipperdrii
1255 2730 1452 2815 oonjettura.

395 2832 466 2917 Cap.
499 2835 550 2896 25.
594 2830 668 2893 “Ne
696 2830 877 2893 occasionem
898 2830 1066 2911 3333333333
1087 2830 1292 2910 dimitterent,
1315 2836 1392 2901 3333
1413 2839 1455 2902 ad

353 2936 445 2999 333333
478 2934 720 3018 Apolloniatium
748 2954 866 2995 3333333
897 2933 1026 3014 diripere
1050 2939 1140 3017 atque
1162 2954 1194 2995 33
1217 2955 1313 2998 33333
1337 2942 1452 3024 ejicere

346 3038 494 3124 possent.''
539 3041 590 3103 Ita
620 3038 744 3125 plurimi
776 3037 894 3101 codices
916 3034 1035 3100 habent.
1081 3038 1177 3101 Fuere
1199 3043 1230 3102 et
1252 3046 1330 3106 sunt
1356 3043 1451 3111 hodia

352 3145 456 3222 etiam,
478 3143 531 3226 qui
553 3141 657 3226 legunt
677 3141 727 3202 “oi
745 3137 829 3216 oet,''
847 3139 930 3222 quod
946 3139 1053 3203 merito
1065 3140 1247 3226 improbavit
1258 3144 1451 3214 Oudendor·

352 3248 421 3333 pius
445 3244 534 3308 adh.
557 3242 577 3305 l.
623 3243 745 3306 Eenim
772 3241 851 3304 nihil
881 3243 978 3326 magis
1000 3241 1108 3306 Caesar
1132 3250 1205 3308 voto
1228 3252 1377 3331 expetere
1396 3273 1450 3340 po-

317 3429 322 3438 ,
352 3350 463 3414 tuisset
492 3348 583 3430 idque
613 3344 700 3408 nullo
725 3345 815 3408 modo
837 3349 989 3428 tamquam
1012 3367 1058 3410 res
1081 3352 1229 3412 extremae
1250 3356 1449 3421 necessitatis

353 3458 416 3518 erat
439 3450 675 3537 proponendum.
720 3449 829 3532 Neque
851 3470 921 3512 vero
944 3449 1009 3511 3333
1028 3452 1217 3517 commodum
1238 3476 1367 3523 sensum
1385 3461 1449 3525 effi·
1485 3495 1487 3500 ·

354 3558 405 3622 ait.
428 3555 546 3631 Quare,
565 3574 745 3639 quamquam
759 3552 862 3638 paullo
882 3552 1026 3618 audacius
1037 3545 1150 3620 faotnm
1163 3558 1275 3634 sentio,
1293 3560 1448 3645 syllabam

352 3683 389 3724 33
418 3661 523 3746 ejicio,
552 3663 587 3723 ut
611 3659 652 3722 sit
677 3658 896 3720 “Dimitterent
917 3694 962 3705 —
984 3659 1013 3721 33
1028 3657 1175 3743 possent'
1198 3661 1308 3726 eodum
1332 3687 1447 3740 sensu,
1490 3705 1492 3724 .

352 3787 413 3851 quo
433 3767 540 3829 Caesar
563 3763 702 3829 voculam
724 3762 808 3827 iliam
831 3763 860 3825 33
877 3766 1036 3849 usurpavit
1051 3787 1078 3827 v.
1092 3787 1115 3827 o.
1128 3765 1163 3828 B.
1175 3764 1209 3828 O.
1223 3770 1252 3829 3.
1265 3768 1307 3830 30
1320 3772 1446 3835 “eormi-
1497 3787 1499 3834 ἑ

356 3869 400 3932 333
419 3870 562 3951 rapiunt;
581 3905 624 3916 -
651 3867 832 3951 Pompojua‚
854 3873 890 3929 33
913 3887 945 3930 33
963 3874 1120 3950 opponeret
1139 3875 1168 3931 33
1187 3870 1216 3931 33
1234 3870 1447 3952 imprudenter

354 3995 390 4035 33
415 3972 541 4035 insidiis
568 3970 682 4034 adoriri
698 3967 827 4052 pasoet''
849 3970 885 4034 B.
909 3971 946 4034 G.
971 3975 999 4033 6.
1024 3975 1064 4033 29
1088 3971 1126 4034 Ir.
1148 3972 1321 4037 Minatium
1344 3979 1446 4043 Bari-

355 4076 429 4139 33333
453 4097 518 4138 earm
540 4074 619 4135 omni
641 4073 780 4157 equitatu
798 4074 988 4156 praemittit,
1005 4074 1034 4135 33
1052 4075 1129 4157 quid
1145 4074 1300 4139 eeleritate
1317 4078 1447 4147 itineris

354 4186 444 4264 atque
473 4177 695 4261 opportunitate
725 4178 864 4259 temporie
887 4181 1034 4261 proficere
1051 4176 1176 4260 possit.”
1217 4178 1263 4242 Of.
1287 4184 1317 4244 3.
1343 4188 1390 4250 56
1416 4190 1446 4252 et

355 4287 383 4346 3.
408 4288 465 4360 75,
487 4283 523 4346 Β.
547 4282 584 4345 G.
609 4285 637 4347 7.
661 4283 711 4343 20.
755 4281 894 4367 Belgice:
925 4282 1014 4343 “Dat
1044 4305 1078 4345 33
1109 4284 1146 4345 de
1169 4283 1371 4366 peieperrlaeid
1393 4311 1446 4354 ’333

353 4387 400 4448 333
422 4393 451 4449 33
472 4385 578 4449 333333.
592 4386 656 4448 3333
677 4386 792 4447 raudera
816 4385 899 4447 33333
922 4384 1112 4470 noorbijpaan
1125 4386 1346 4475 (depromendo)
1362 4395 1445 4475 osae

352 4510 430 4554 naar
452 4492 488 4553 de
509 4490 615 4553 kustau
637 4510 698 4554 333
720 4489 885 4571 Apollonia
909 4488 1023 4553 troaden
1046 4490 1132 4553 133333
1152 4496 1251 4555 333333
1272 4492 1380 4579 reliq.''
