3609 5450
685 457 861 540 ...ργ-

233 663 332 740 λέγειν
361 660 494 726 ε’κέλενσε
524 660 590 731 τοὺς
613 659 743 734 διδόντας
766 663 803 734 ὡς
825 661 945 732 Τούτοις
967 686 1001 726 σε
1024 668 1099 745 τιμᾷ
1121 662 1134 725 ὁ
1156 662 1317 740 βασιλεὺς,

236 765 278 833 ὅτι
306 766 356 831 τὸν
387 764 540 847 ἐφίππειον
569 763 658 844 Κύρου
677 773 761 830 πῖλον
787 768 868 846 εὑρὼν
889 768 1062 842 ἀνήνεγκας
1084 771 1135 830 τοῦ
1158 767 1187 829 δὲ
1209 767 1318 847 Καρὸς,

237 869 289 952 ὑφ’
318 866 351 934 οὗ
380 870 433 943 τήν
463 868 564 945 ἰγνύαν
595 870 722 946 πληγείς
752 872 875 950 ὁΚῦρος
906 869 1008 949 ἔπεσε,
1032 869 1081 934 καί
1104 871 1194 935 αὐτοῦ
1216 871 1320 952 δωρεάν

238 975 384 1045 αἰτοῦντος
408 971 555 1036 ἐκέλευσεν
577 972 637 1037 κτὲ.

283 1076 366 1163 Lege
386 1074 545 1156 Μιίριδάτρ
567 1075 639 1154 μέν,
664 1076 714 1140 cui
737 1076 919 1162 respondeat
943 1098 1003 1161 seq.
1027 1082 1078 1141 τοῦ
1101 1075 1130 1139 δὲ
1152 1077 1254 1157 Καρός.

734 1278 754 1345 1.
778 1283 829 1344 32.

285 1493 424 1567 Παροῦσα
453 1486 513 1561 δή
544 1487 639 1566 μήτηρ
669 1488 752 1562 „Mi
780 1485 817 1551 σύ
847 1482 910 1562 γε”
940 1481 1020 1550 εἶπεν
1048 1485 1147 1563 ,ρῦτω
1170 1486 1218 1551 τὸν
1241 1491 1326 1566 Κάρα

242 1595 357 1666 τοῦτον,
389 1587 410 1654 ὦ
440 1588 586 1667 βασιλεῦ,
618 1588 666 1654 τὸν
698 1588 804 1670 έλεέρον
834 1588 1032 1670 ἀπαλλάξας,
1056 1591 1140 1656 ἀλλά
1164 1592 1232 1671 παρ’
1255 1592 1325 1668 ἐμοῦ

240 1695 289 1760 τὸν
312 1693 390 1769 ἀξιον
412 1693 602 1772 ἀπολήψεται
625 1693 723 1770 μισθὸν
746 1689 782 1757 ὧν
804 1700 903 1776 τολμᾷ
926 1691 1053 1770 λέγειν.”

274 1796 457 1861 ’ΒοΙοοόιιιη
494 1817 599 1860 censeo
635 1797 798 1860 articulum
831 1795 879 1861 τὸν
914 1802 984 1860 anic
1014 1796 1128 1877 ίλείρον.
1170 1796 1326 1881 Parysatis

243 1901 324 1964 enim
356 1921 418 1963 non
449 1898 587 1984 designat
616 1897 704 1962 illum
735 1899 841 1965 Caram
869 1900 984 1984 piaculi
1007 1905 1159 1964 auctorem
1182 1900 1215 1962 in
1238 1922 1326 1984 quem

245 2001 324 2066 illud
346 2002 488 2088 probrum
509 2003 601 2087 digne
619 2003 778 2066 convenire
798 2007 967 2067 constaret:
985 2005 1037 2067 sed
1056 2001 1235 2088 simpliciter
1251 2006 1328 2068 irata

246 2107 443 2172 conviciatur.
482 2107 534 2170 Sic
564 2106 598 2170 in
626 2106 679 2170 vit.
709 2105 834 2171 Eumen.
858 2094 993 2171 occurrit
1015 2129 1043 2192 p.
1068 2111 1149 2185 594,
1175 2129 1200 2170 c.
1222 2107 1328 2187 οὐγάρ

246 2204 318 2273 εἶναι
341 2209 426 2274 δεινὸν
446 2211 472 2274 εἰ
495 2207 694 2289 χερρονήσίτνς
710 2206 845 2290 ὄλεθρος
864 2209 1027 2287 οἰμώξεται·
1048 2210 1127 2296 apud
1146 2209 1329 2274 Demosthe-

244 2334 312 2376 nem
345 2319 381 2391 9,
411 2315 461 2377 31.
492 2312 600 2392 ὄλεθρος
630 2313 780 2378 Μακεδών.
813 2315 871 2390 18,
895 2316 968 2379 12⁷.
992 2311 1099 2394 ὄλεθρος
1122 2313 1329 2393 γραμματεύς.
1368 2355 1371 2358 -

244 2417 291 2481 Of.
311 2416 451 2503 Sophocl.
473 2416 549 2480 Oed.
569 2415 640 2501 Tyr.
660 2438 703 2481 vs.
721 2420 816 2481 1343.
839 2415 978 2494 ἀπάγετέ
988 2431 1028 2496 με
1038 2417 1087 2482 τδν
1098 2416 1206 2498 ίλείρον
1220 2417 1328 2495 μέγαν.

673 2631 698 2672 c.
721 2610 787 2675 XV
809 2609 829 2673 l.
853 2612 904 2673 21.

291 2796 382 2865 Εἶπεν
405 2796 450 2865 οὖν
473 2801 516 2878 μή
538 2800 711 2879 κατασχών.
737 2803 865 2880 ““Τρκει”ς
888 2801 959 2879 μέν,
981 2800 999 2866 δ’
1010 2827 1039 2867 τι
1054 2803 1212 2881 βούλεσθε,
1229 2803 1329 2875 πίλονς

246 2904 354 2981 λέγετε
384 2902 434 2967 καί
465 2900 623 2983 Φλνοίρονς·
656 2902 713 2978 ἐγὼ
743 2901 767 2964 δ’
786 2903 853 2979 ὑμῖν
872 2902 951 2980 λέγω
975 2904 1118 2985 διαρρήδην
1141 2905 1196 2970 ὑπὸ
1219 2906 1330 2978 ταύτης

247 3007 399 3090 ἀνήρήσήαι
421 3011 509 3086 Κῦρον
535 3013 588 3079 τής
610 3003 715 3084 χειρί.

291 3112 410 3197 Nempe
440 3107 583 3173 bracchio
616 3111 702 3173 tonso
732 3130 854 3173 manum
885 3113 1058 3174 monstrans
1092 3132 1162 3176 oum
1195 3110 1330 3199 emphasi

248 3215 326 3280 dicit
348 3251 392 3265 -·
414 3211 547 3286 ταντήσί.

668 3413 693 3454 ο.
715 3389 797 3455 XVI
820 3389 840 3455 l.
863 3393 916 3456 17.

296 3591 376 3661 Είτα
405 3594 473 3674 πρὸς
497 3594 546 3658 τὸν
573 3594 649 3670 ήλνον
671 3594 717 3659 ἀεί
741 3594 911 3677 στρέφουσιν
933 3595 1050 3660 ε’ναντία
1072 3597 1113 3661 τά
1135 3596 1261 3675 ὄμματα
1284 3601 1333 3664 καί

251 3705 339 3779 μυιῶν
362 3697 596 3780 προςκαίήροένων
619 3699 726 3773 πλήίος
749 3700 810 3761 πάν
831 3698 1052 3778 ἀποκρύπτεται
1076 3701 1109 3765 τὸ
1131 3702 1283 3783 πρόςωπον.

296 3804 379 3890 Lege
400 3803 510 3879 πλήίει.

650 4000 674 4040 c.
697 3978 857 4043 XVIIII.
882 3983 934 4045 27.

298 4175 322 4238 εί
345 4172 430 4235 δεινδν
453 4170 533 4252 ἔργον
556 4166 642 4242 οἱίτονς
666 4169 766 4250 ἔδρασε
789 4171 838 4236 καί
862 4172 1111 4255 παρεκινδύνευσεν
1134 4173 1335 4254 ήΠαριίσατις

253 4279 301 4345 διά
322 4275 474 4356 Κλέαρχον
492 4277 604 4341 ἀνελεῖν
627 4278 806 4354 τολμήσασα
827 4278 880 4351 τήν
901 4278 1024 4354 γνησίαν
1046 4278 1193 4356 βασιλέως
1208 4286 1337 4354 γυναῖκα

255 4381 306 4448 καί
331 4380 436 4446 τέκνων
457 4379 581 4445 κοινωνὸν
606 4376 654 4443 ε’πί
673 4379 835 4458 βασιλείας
857 4381 1046 4462 τρεφομένων.

300 4484 346 4551 ἐπὶ
370 4483 527 4562 βασιλείας
548 4483 694 4550 vitiosum
718 4486 772 4548 est.
795 4480 1026 4552 Emendandum
1047 4483 1096 4551 ἐπί
1114 4481 1257 4573 βασιλεία
1272 4490 1340 4558 ior
1361 4509 1366 4516 ·
