3609 5450
807 496 994 567 -44-'

354 692 472 779 Optimi
503 690 621 756 codices
653 687 764 753 habent
794 688 842 753 vel
873 695 1026 753 enatarent
1057 689 1104 753 rel
1127 696 1252 754 curtare.
1296 689 1358 754 Pro
1381 690 1445 756 hac

354 797 504 882 scriptura
533 794 645 858 militat
676 791 753 857 alius
780 792 866 857 loeus
901 791 1055 868 Caesaris,
1087 793 1141 876 qui
1164 792 1319 856 invenitur
1340 793 1378 856 B.
1404 793 1446 858 G.

355 905 384 964 7.
407 903 471 976 56.,
493 896 546 962 ubi
575 897 649 962 haee
676 895 821 982 legimus:
845 903 861 933 “
875 895 1017 979 Vadoque
1033 917 1091 978 per
1108 896 1224 979 equites
1246 896 1370 960 inuento
1383 919 1447 980 pro

353 1007 401 1066 ret*
420 1002 597 1065 necessitate
619 1000 698 1063 satia
716 1005 895 1083 opportune,
914 1005 951 1062 ut
968 999 1107 1062 bracchio
1124 1000 1209 1062 modo
1220 1000 1448 1084 arquatorum·

353 1107 396 1169 od
416 1104 701 1168 sustinendarum
723 1102 812 1165 tubera·
832 1101 869 1164 ab
891 1123 972 1186 aquo
994 1123 1057 1165 erse
1073 1099 1223 1184 possent?

398 1208 500 1273 Aliam
528 1207 606 1272 viem
637 1206 710 1270 iniit
741 1205 788 1268 Ol.
812 1205 994 1292 Herzogius.
1038 1205 1072 1268 Is
1094 1205 1333 1292 transpositione
1355 1206 1448 1272 adhi-

354 1314 418 1379 bita
439 1310 531 1398 legit:
554 1310 718 1374 “anture.
752 1309 813 1372 Sed
832 1314 869 1373 ut
890 1331 981 1394 quum
1002 1309 1295 1373 altitudine—nou
1313 1309 1448 1394 impactu>

354 1412 479 1481 rmrur'’
501 1412 591 1497 reliq,
613 1411 673 1478 hoo
695 1433 801 1477 seusu:
824 1411 877 1478 sed
899 1413 965 1490 fao,
987 1435 1037 1477 eos
1060 1411 1224 1479 altitudine
1246 1418 1277 1479 et
1295 1414 1327 1479 ui
1348 1436 1448 1498 aquae

355 1542 417 1584 non
443 1516 613 1606 prohibitos
635 1516 728 1581 luisse
750 1517 898 1596 transitu,
920 1521 1022 1582 tamen
1043 1516 1123 1581 nihil
1144 1518 1323 1604 profuisset,
1345 1540 1446 1603 quum

355 1623 459 1690 eodem
480 1625 613 1708 tempore
634 1642 712 1707 pons
734 1619 869 1684 hostium
888 1622 1040 1706 perfectus
1058 1623 1260 1686 nuntiaretur.

398 1728 443 1790 At
464 1726 508 1788 ita
528 1727 630 1790 rectus
653 1746 759 1789 sensus
781 1746 843 1790 non
866 1724 980 1799 evadit,
1021 1722 1103 1790 Nam
1125 1747 1187 1789 non
1210 1725 1244 1789 id
1266 1726 1447 1812 significare

355 1831 465 1894 Caesar
486 1829 601 1907 voluit,
625 1829 723 1893 datam
747 1828 1062 1915 transeundi-copiam
1081 1827 1159 1893 nihil
1177 1830 1330 1916 prodesse,
1345 1852 1447 1914 quum

355 1932 391 1998 ab
413 1931 553 1998 hostibus
576 1933 679 1997 eodem
701 1937 835 2019 tempore
856 1954 933 2018 pons
956 1936 1035 1997 esset
1055 1933 1222 2019 perfeotns3
1242 1933 1293 1996 sed
1305 1932 1448 1999 militum

354 2039 387 2101 in
411 2059 500 2124 opere
529 2037 712 2125 perficiendo
740 2037 921 2103 continuum
943 2035 1076 2102 laborem
1106 2042 1137 2103 et
1168 2037 1376 2103 admirabilem
1398 2041 1447 2104 fe-

355 2142 566 2220 stinationem,
588 2164 664 2226 quae
680 2143 752 2206 inde
767 2142 895 2206 maxime
914 2141 1047 2229 intelligi
1066 2145 1198 2228 poterat,
1222 2142 1321 2226 qnod,
1344 2165 1447 2227 quum

354 2247 495 2311 nuntiato
521 2247 625 2332 pontis
644 2245 774 2311 faciendi
795 2245 925 2309 consilio
944 2249 1029 2309 tanta
1048 2250 1126 2310 esset
1145 2246 1281 2311 fluminis
1294 2246 1448 2326 altitudo,

354 2353 390 2413 ut
412 2348 544 2419 humeris
566 2354 687 2413 tantum
710 2372 748 2412 ex
770 2370 846 2433 aque
869 2349 981 2437 milites
1005 2353 1156 2413 exstarent
1169 2385 1213 2397 -
1226 2354 1328 2413 tamen
1347 2357 1451 2436 ponte

355 2454 488 2538 perfecto
510 2452 620 2517 vadum
642 2453 676 2516 in
699 2452 798 2515 Sicori
820 2451 1031 2538 reperiebatur.

398 2557 482 2642 Ergo
511 2578 608 2642 neque
638 2554 826 2641 Herzogium
856 2554 1038 2619 audiendum
1074 2559 1167 2641 pute,
1196 2576 1253 2618 nee
1283 2553 1452 2625 Clarkium

355 2681 462 2745 sequor
485 2683 501 2725 e
524 2659 629 2726 codice
650 2680 713 2725 uno
736 2659 886 2746 legentem
907 2659 1083 2737 coartabant,
1104 2662 1217 2747 puncto
1233 2662 1302 2745 post
1317 2659 1451 2727 uerbum

354 2762 518 2829 “transire''
541 2766 658 2853 posito,
680 2764 829 2851 particula
850 2762 914 2828 “et’
937 2767 1054 2828 mutata
1076 2766 1109 2827 in
1130 2770 1174 2827 ut.
1208 2764 1275 2828 Sic:

401 2870 466 2933 “Ut
488 2870 605 2954 equites
627 2906 671 2916 —
687 2874 812 2952 possent
834 2904 878 2915 —
901 2868 1040 2932 transire.
1073 2865 1212 2930 'Pedites
1234 2888 1369 2930 uero-
1393 2890 1448 2931 err-

356 2974 494 3052 atatuut,
528 2981 563 3037 ut
596 3011 641 3020 —
674 2970 918 3057 impedirentur.”
964 2972 1031 3036 Etsi
1069 2976 1150 3036 recte
1183 2968 1235 3035 hic
1264 2970 1447 3056 judicabat,

278 3121 284 3134 ·
356 3076 495 3142 voculam
528 3074 620 3139 “norff
644 3098 707 3140 esse
735 3076 906 3152 delendam,
932 3096 1026 3158 quum
1054 3096 1159 3138 sensus
1183 3074 1238 3149 sit,
1259 3074 1374 3138 milites
1398 3096 1449 3139 re·

235 3223 238 3237 ι
356 3203 424 3245 vera
454 3179 548 3243 tuisse
577 3178 756 3263 impeditos,
783 3178 947 3262 quominus
969 3176 1082 3240 fiumen
1104 3176 1280 3241 transirent.
1324 3176 1448 3243 Verum

356 3287 418 3345 tam
450 3280 542 3367 longe
586 3303 603 3343 a
644 3279 768 3364 vulgato
810 3279 947 3372 recedere
982 3300 1045 3341 non
1078 3284 1141 3342 erat
1170 3301 1256 3365 opus.
1299 3271 1449 3365 Plerique

357 3384 476 3449 codices
510 3382 623 3446 habent
653 3379 806 3448 “exstare''
837 3380 885 3447 vel
917 3380 1125 3459 “exstarent''
1148 3405 1275 3467 quorum
1297 3384 1386 3470 prius
1418 3387 1448 3451 si

356 3486 551 3563 assumseris,
585 3484 711 3550 eundem
745 3487 912 3571 assequeris
941 3507 1081 3565 sensum,
1104 3508 1192 3570 quem
1207 3488 1276 3572 jure
1298 3487 1448 3556 Olarkius

357 3589 551 3655 desiderabat.
597 3587 767 3653 Verebatur
807 3586 847 3651 V.
889 3586 935 3652 Ol.
979 3610 1017 3652 ne
1050 3588 1212 3654 absurdum
1245 3591 1288 3654 sit
1322 3591 1447 3658 dicere:

356 3693 417 3757 “Iu
445 3693 575 3778 flumine
604 3692 763 3756 auertendo
789 3693 848 3756 tuo
860 3692 932 3775 jour
954 3693 1124 3756 destruxerat
1151 3715 1228 3770 rem,
1261 3700 1296 3757 ut
1321 3695 1449 3779 pedites

356 3798 557 3861 tautummodo
575 3798 706 3861 uruat
726 3803 848 3861 eusture
866 3793 1025 3879 poraeut,'’
1047 3802 1131 3860 ratus
1147 3797 1179 3859 in
1198 3798 1297 3884 priore
1308 3798 1448 3865 membro

355 3902 510 3966 notionem
528 3903 627 3966 inesse
649 3901 746 3966 felicis
769 3901 872 3987 magui
895 3899 1006 3965 laboris
1030 3922 1205 3977 successae,
1227 3900 1260 3965 in
1284 3901 1379 3967 altero
1399 3910 1448 3969 re'r'

354 4006 496 4072 minimae
524 4007 654 4069 effectae.
699 4003 790 4075 Quod
823 4004 1015 4070 verissimum
1046 4008 1109 4080 est,
1140 4004 1192 4074 sed
1222 4010 1322 4070 tamen
1353 4008 1449 4092 plane

356 4109 499 4196 congruit
528 4107 566 4171 ad
594 4106 730 4172 Caesaris
760 4109 950 4172 senteutiam.
994 4106 1122 4172 Scilicet
1152 4107 1189 4173 ab
1211 4108 1303 4173 initio
1330 4113 1447 4197 capitis

355 4237 451 4301 usque
474 4211 511 4277 ad
533 4210 605 4274 “sed
624 4208 740 4275 tameu’'
756 4210 865 4276 Caesar
887 4215 1022 4287 enarrat,
1045 4234 1162 4276 summo
1186 4211 1319 4277 militum
1342 4213 1449 4282 labore

355 4341 460 4403 parum
490 4314 589 4380 adhuc
618 4336 694 4400 opus
716 4314 910 4401 processisse,
937 4314 981 4378 ita
1004 4317 1038 4378 ut
1061 4316 1177 4400 equites
1204 4337 1291 4402 aegre
1311 4320 1448 4386 transire

355 4424 495 4506 possent,
524 4419 640 4505 pedites
668 4439 738 4482 vero
762 4416 800 4482 ob
823 4418 855 4483 id
878 4418 987 4503 ipsum,
1009 4419 1090 4503 quod
1113 4418 1241 4506 pedibus
1263 4421 1361 4499 irent,
1384 4405 1470 4489 hu?

356 4524 444 4589 meris
473 4528 561 4603 tenus
591 4543 668 4606 aque
696 4525 878 4608 tegerentur.
923 4521 1027 4608 Igitur
1058 4526 1089 4587 et
1118 4530 1222 4608 “uepre
1241 4524 1391 4589 trausirc'’
1414 4532 1447 4595 et
