3609 5450
740 471 912 532 ..79-

288 666 329 728 17
353 709 362 739 ,
384 659 508 742 antiqua
527 657 618 720 etiam
644 654 823 719 documenta
844 652 988 718 historiae
1011 654 1161 731 scenicae,
1182 653 1267 720 velut
1289 653 1374 720 dida·

286 661 412 830 actiliam
445 758 563 824 fabulae
596 760 717 846 Septem
750 761 856 821 contra
885 756 1017 834 Thebas,
1045 760 1113 820 ante
1140 779 1251 843 paucos
1279 779 1375 823 annos

287 889 304 931 a
324 862 467 930 Frantaio
487 862 616 948 primum
636 859 748 924 editam
773 859 848 945 (Die
866 859 1050 923 Didaakcla'e
1069 883 1108 923 sc
1126 861 1284 945 Aiactplca
1303 862 1376 944 Sep·
1402 937 1409 948 ἢ

286 974 347 1033 tem
377 973 479 1032 eontra
505 965 625 1028 Thebas.
658 963 785 1040 Berlin,
810 965 924 1048 1848),
947 969 978 1028 et
1000 963 1108 1028 deinde
1129 965 1247 1050 saepius
1268 966 1377 1052 repeti·

287 1079 360 1138 tam.
405 1069 455 1136 Ad
488 1068 765 1134 Alexandrinorum
799 1088 868 1132 vero
899 1071 1027 1132 aetatem
1047 1066 1102 1132 illa
1124 1069 1276 1133 referenda
1298 1091 1377 1148 esse,

289 1198 352 1241 non
379 1192 502 1259 prorsus
535 1174 663 1235 constat.
709 1169 743 1234 si
775 1169 875 1233 omnia
896 1189 994 1233 nuum
1015 1170 1202 1255 eundemque
1224 1175 1377 1238 auctorem

290 1279 450 1353 haberent,
484 1274 591 1361 procul
627 1273 718 1338 dubio
752 1273 938 1359 pertinerent
966 1273 1004 1338 ad
1037 1274 1203 1340 recentiora
1230 1280 1378 1362 tempora,

289 1387 355 1447 tam
378 1383 499 1468 propter
521 1379 624 1464 inepta
646 1376 792 1461 quaedam
814 1381 845 1441 et
868 1375 996 1442 absurda
1008 1376 1052 1461 1),
1074 1399 1165 1462 quam
1187 1383 1308 1469 propter
1331 1400 1378 1444 re·

290 1485 434 1549 cautioris
459 1480 639 1547 Graecitatis
670 1479 815 1546 vocabula
844 1486 875 1545 et
899 1481 1149 1546 constructiones.
1195 1483 1255 1547 Sed
1279 1505 1295 1546 a
1317 1504 1378 1567 quo
1449 1557 1455 1569 Ι

290 1587 462 1652 Scholiasta
483 1583 557 1649 haec
580 1605 702 1669 prorsus
726 1582 860 1648 absunt?
907 1583 1041 1648 Omnino
1065 1585 1183 1668 antiqui
1200 1587 1379 1671 interpretes

282 1692 394 1779 generi
429 1688 650 1775 depravationis
682 1687 813 1773 expositi
835 1687 974 1764 fuerunt,
996 1686 1077 1772 quod
1099 1711 1162 1753 non
1184 1690 1324 1755 similiter
1345 1689 1380 1754 in

290 1796 433 1880 antiquos
463 1797 565 1880 poetas
588 1791 790 1878 scriptoresve
813 1789 946 1856 cadebat.
992 1791 1148 1856 Nimirum
1174 1797 1291 1881 praeter
1313 1793 1381 1860 vul-

289 1920 392 1986 garem
417 1896 617 1983 corruptelam
640 1895 768 1980 quisque
790 1893 901 1972 scriba,
925 1895 975 1958 oui
998 1896 1138 1980 antiquae
1164 1897 1381 1983 explicationes

289 2001 394 2068 faciles
417 2006 448 2066 et
470 1999 621 2086 simplices
644 1998 840 2074 videbantur,
863 2019 917 2061 sua
945 1998 1070 2062 inventa
1096 1999 1294 2077 admiscebat,
1313 2022 1381 2085 spe-

223 2091 226 2095 *
291 2128 363 2171 rans
392 2105 474 2169 idem
502 2125 534 2168 se
555 2124 658 2189 posse,
680 2123 736 2165 neo
766 2108 880 2167 “ausus
902 2101 984 2164 idem
1007 2100 1212 2186 desperabat‚''
1236 2102 1288 2167 sed
1312 2123 1382 2168 suaa

292 2210 422 2296 ineptias
445 2212 476 2271 et
497 2205 677 2291 quisquilias
699 2203 903 2282 adscribebat,
921 2208 990 2281 aut,
1007 2205 1088 2289 quod
1107 2207 1192 2292 peius
1209 2209 1300 2272 etiam
1319 2214 1383 2297 est,

294 2314 450 2397 antiquam
483 2309 717 2397 explicationem
750 2307 916 2395 refingcbat
949 2308 988 2371 ad
1017 2315 1191 2399 comptam
1213 2310 1383 2378 lectionem.

293 2417 402 2502 Itaque
423 2414 603 2502 prudentius
630 2412 733 2477 iudico
754 2411 841 2477 litem
864 2410 901 2476 dc
922 2416 1018 2477 aetate
1046 2412 1253 2493 Scholiorum,
1276 2415 1386 2501 siqua

293 2526 356 2599 est,
388 2520 587 2584 iniudicatam
627 2516 795 2601 relinquere
828 2519 860 2579 et
899 2516 1087 2601 acquiescere
1124 2519 1158 2582 in
1195 2518 1386 2597 coniectura,

294 2646 385 2707 quam
403 2622 477 2687 olim
494 2621 551 2686 hae
570 2621 607 2685 de
622 2643 655 2685 re
672 2619 815 2706 proposui
836 2619 898 2704 (De
916 2626 977 2683 cat.
996 2622 1101 2685 Aeseh.
1119 2621 1220 2706 Intpp.
1239 2646 1268 2710 p.
1280 2621 1385 2708 XIV).

340 2726 381 2789 Iu
403 2723 543 2789 Mediceo
567 2723 631 2789 aive
649 2721 853 2787 Laurentiano
873 2721 1018 2787 “Scholia
1035 2725 1224 2813 marginibus
1236 2726 1387 2811 adscripta

295 2833 391 2893 “sunt
423 2827 521 2892 literis
559 2824 742 2911 capitalibus
773 2823 810 2889 ab
833 2824 891 2889 alia
912 2848 1002 2911 quam
1024 2849 1101 2912 quae
1122 2832 1241 2892 textum
1263 2830 1387 2914 scripsit

295 2941 408 2996 “manu
434 2930 531 2996 literis
561 2928 742 2994 minusculis
765 2933 937 3006 armatum,
958 2934 1047 2994 aucta
1068 2930 1181 3017 passim
1201 2952 1309 2996 manus
1331 2932 1388 2997 ali-

296 3040 433 3121 “quanto
466 3033 644 3098 recentioris
679 3030 923 3109 additamentis,”
956 3053 1032 3116 quae
1063 3032 1244 3098 Dindorfius
1275 3035 1387 3121 (aquo

297 3140 371 3205 haec
404 3139 503 3222 sumo)
537 3137 601 3202 suis
631 3157 765 3221 quaeque
787 3134 864 3200 loeis
886 3135 1015 3199 notavit.
1059 3136 1146 3201 Idem
1166 3136 1201 3201 in
1223 3135 1326 3202 tabula
1347 3137 1388 3204 li·

297 3241 496 3330 thographica
519 3240 744 3327 exprimendam
767 3240 887 3304 curant
906 3240 1048 3327 paginam
1067 3240 1135 3305 Mu
1153 3262 1222 3306 cum
1241 3240 1388 3321 Scholiis,

298 3344 394 3423 unde,
427 3349 453 3411 ai
487 3345 563 3430 quid
592 3345 696 3422 video,
730 3349 867 3431 apparet,
906 3366 940 3408 ea
973 3344 1074 3411 codici
1106 3366 1203 3432 nuper
1236 3344 1387 3434 descripto

298 3450 402 3514 addita
435 3470 507 3513 esse.
552 3448 616 3518 Qui
651 3470 718 3512 vero
741 3449 902 3534 adscripsit
925 3450 1038 3534 passim
1064 3472 1171 3536 parum
1193 3450 1327 3515 attendit
1349 3450 1388 3515 ad

300 3552 389 3618 verba
411 3555 531 3638 poetae,
548 3549 631 3613 unde
652 3549 781 3627 Scholia¹
797 3573 881 3636 saepe
898 3550 977 3615 locis
994 3552 1100 3616 alienis
1112 3554 1249 3639 apposita
1267 3558 1340 3619 aunt
1350 3554 1388 3639 2),

301 3657 457 3722 Lemmata
470 3637 545 3718 ‘raro
568 3650 703 3729 addidit;
725 3673 758 3715 ea
779 3651 831 3715 ubi
854 3651 992 3731 deerant,
1011 3660 1047 3717 ut
1065 3676 1118 3740 par
1138 3660 1216 3731 erat,
1235 3656 1387 3742 supplevit

302 3763 493 3951 ‘thgr-ipsis
526 3865 630 3947 poetae
664 3856 761 3923 verbis
795 3856 891 3921 multa
921 3861 994 3922 sunt
1023 3862 1156 3922 correcta
1178 3860 1288 3943 partim
1310 3862 1384 3927 satis

339 4120 363 4177 1)
380 4118 414 4167 Ut
438 4117 523 4182 aliquid
547 4118 640 4166 affemm
657 4112 738 4179 Snppl.
762 4114 809 4166 cll
828 4127 874 4162 nou
890 4112 1003 4163 intellexit
1020 4120 1131 4181 σεβόντων
1146 4132 1194 4165 esse
1210 4116 1387 4180 imperativum

305 4199 336 4249 ib.
355 4200 412 4248 848.
429 4205 505 4251 ἅπιτα
522 4198 533 4250 1
552 4203 651 4248 ἀπιόντα
667 4200 727 4247 κατὰ
744 4203 861 4260 ocyrensis.

338 4281 363 4339 2)
380 4278 485 4343 Choeph.
509 4278 540 4325 63
563 4278 606 4326 ref.
631 4276 659 4324 ad
682 4276 713 4324 66
721 4297 728 4333 ;
756 4278 787 4324 88
813 4275 959 4338 κατώξωμαι
975 4294 1008 4317 ==
1025 4274 1116 4343 ‹rippas’;
1141 4277 1187 4324 123
1203 4297 1237 4320 =
1256 4277 1317 4333 131,
1341 4278 1388 4324 368

306 4381 340 4405 =
358 4359 418 4417 346;
437 4358 484 4407 509
501 4378 534 4401 =
552 4358 612 4416 510,
631 4357 677 4405 585
694 4376 728 4399 =
746 4357 808 4414 589;
827 4357 874 4405 589
891 4358 999 4406 πλάθουσι
1016 4375 1050 4399 =
1066 4358 1203 4421 filanotcu
1222 4355 1389 4414 970=972;

308 4437 518 4495 1030'==1029;
545 4436 614 4488 Eum.
637 4438 677 4489 47.
701 4440 723 4486 da
745 4442 852 4507 θρόνοισιν
874 4441 955 4502 blastus
977 4456 1010 4480 ἓ
1034 4448 1151 4499 pusulam,
1176 4439 1208 4486 49
1225 4456 1258 4483 a
1276 4442 1319 4497 505
1342 4439 1392 4488 44⁰

309 4523 387 4582 larus
403 4525 460 4587 Ιμῆς
479 4521 550 4577 πέλας
565 4538 599 4563 ε-
615 4520 752 4586 προςὶκτωρ.
1312 4545 1482 4898 Q

1212 4887 1223 4906 .
1269 4827 1314 4904 ἰ
1480 4895 1494 4902 ,.
1585 4935 1601 4978 ἢ
