3609 5450
804 449 980 510 ..30-

762 655 787 697 o.
810 634 930 700 XXIII
951 633 971 697 l.
995 637 1024 696 8.

402 844 446 907 Οὐ
476 842 535 922 γάρ
565 840 687 918 ἐνέμεινε
716 848 752 922 τῇ
783 843 853 922 dmi
884 841 975 905 πολὺν
1003 838 1103 920 χρόνον
1133 840 1331 917 όβασιλεὺς,
1356 840 1447 905 άλλά

354 944 499 1020 διηλλάγη
529 952 566 1024 τῇ
595 943 682 1023 μητρὶ
712 942 761 1006 καὶ
791 944 1010 1024 μετεπέμψατο
1040 949 1102 1007 νοῦν
1132 943 1185 1021 μὲν
1216 945 1281 1023 όρῶν
1312 941 1447 1023 ἔχουσαν

356 1048 405 1114 καὶ
436 1049 572 1131 φρόνημα
600 1045 757 1123 βασιλείας
780 1045 873 1124 άξιον,
897 1048 995 1118 αἰτίας
1018 1047 1047 1110 δὲ
1065 1047 1214 1125 μηδεμιάς
1237 1047 1323 1122 οὔσης
1351 1049 1449 1124 ἒμπο·

357 1153 408 1216 ton
431 1150 472 1216 ἔτι
496 1151 535 1214 δι’
558 1147 590 1224 ἣν
613 1150 773 1230 ὑπόψονται
796 1151 926 1222 συνόντες
948 1152 1132 1227 άλλήλοις
1156 1153 1172 1227 ἦ
1195 1153 1384 1226 λυπήσουσιν.

400 1254 631 1319 Emendandum
667 1256 823 1329 άλληλους.
859 1256 892 1319 Si
923 1254 1047 1319 verbum
1078 1277 1139 1318 una
1175 1278 1245 1319 cum
1278 1256 1449 1342 participio

359 1359 509 1423 diversum
542 1378 643 1420 casnm
670 1359 789 1442 regenti
820 1358 859 1421 ad
887 1379 983 1422 unum
1007 1357 1147 1442 idemque
1170 1359 1325 1443 objectum
1348 1354 1448 1424 refer-

356 1466 423 1539 tur,
442 1483 530 1525 suum
554 1464 717 1542 utrumque
740 1482 842 1525 casum
861 1461 930 1545 jure
952 1460 1220 1548 postulat‚verum
1242 1462 1377 1540 verbnm,
1391 1463 1449 1527 ob-

358 1567 438 1629 tinet
468 1585 503 1626 ee
534 1563 581 1627 vel
608 1563 771 1648 participio
793 1565 1000 1629 intercedente
1023 1563 1157 1629 attrahit.
1201 1566 1348 1651 Exempla
1373 1569 1450 1647 affe7

358 1690 438 1731 ram:
468 1668 501 1730 in
532 1667 584 1730 vit.
616 1670 730 1730 Anton.
762 1688 786 1728 c.
810 1666 903 1731 VIII.
936 1668 978 1739 δὶς
1001 1668 1030 1731 δὲ
1052 1670 1221 1749 φεύγοντας
1244 1670 1451 1749 προτροπάδην

305 1793 307 1796 ⁴
358 1771 423 1841 τοὺς
446 1768 589 1849 Καίσαρος
612 1770 787 1844 άπαντησας
811 1771 983 1850 άνέστρεψε·
1015 1773 1100 1835 Arat.
1124 1794 1149 1835 e.
1173 1773 1369 1836 XXXVIII.
1395 1774 1447 1840 ότε

359 1877 456 1944 καλῶς
479 1868 545 1953 εἶχε
567 1870 617 1936 καὶ
641 1872 767 1936 ἀκόντιον
790 1872 954 1937 ἐπιστάντα
976 1872 1073 1952 σώζειν
1090 1874 1123 1937 τό
1139 1875 1235 1939 κοινόν·
1255 1877 1289 1938 In
1305 1877 1452 1963 Xenoph.

360 1977 456 2041 Anab.
479 1977 512 2055 I,
536 1980 572 2055 8,
597 1979 647 2040 11.
670 1976 802 2047 καλέσας
824 1976 1033 2056 παρεκελεύετο
1056 1984 1115 2049 τοῖς
1135 1979 1261 2052 Ἕλλησι
1284 1982 1337 2054 την
1360 2005 1453 2061 κραυ-

360 2081 417 2156 ρην
445 2084 502 2144 τῶν
531 2078 689 2161 βαρβάρων
719 2080 885 2158 άνὲχεσόαι·
923 2079 1048 2144 Memor.
1079 2082 1110 2158 I,
1133 2084 1170 2160 4,
1195 2085 1245 2146 17.
1277 2084 1362 2154 ὁπός
1388 2091 1454 2157 νοῦς
1497 2066 1500 2075 ¹

362 2184 427 2248 ε’νὼν
456 2183 488 2248 τό
519 2182 567 2247 σόν
600 2186 704 2261 σῶμα,
734 2180 810 2253 όπως
837 2183 995 2259 βούλεται,
1018 2184 1267 2265 μεταχειρίζεται.
1303 2186 1395 2251 Unde
1418 2190 1455 2254 in

364 2285 525 2349 Plutarchi
555 2287 640 2349 Aret.
672 2307 697 2348 e.
725 2285 814 2348 VIII
843 2286 919 2349 med.
950 2285 1087 2363 οἰομένους
1117 2286 1166 2351 τόν
1188 2289 1309 2364 κυνηγὸν
1332 2292 1457 2373 ε’πικρό·

364 2412 447 2452 πτειν
459 2393 644 2452 κοινωνοῦντα
654 2396 697 2468 τῇ
715 2410 739 2449 π
746 2384 811 2467 ράξ
818 2411 857 2452 ει.
870 2409 910 2451 ne
921 2387 1027 2451 dubita
1038 2410 1180 2475 reponere
1191 2398 1279 2454 THN
1290 2402 1456 2461 ΠΡΑΞΙΝ.

700 2647 702 2651 ,
852 2592 872 2656 l.
908 2597 958 2658 18.

409 2802 503 2873 Τέλος
533 2806 603 2879 γοῦν
632 2810 729 2879 νημαι
758 2804 810 2878 την
839 2802 921 2884 κόρην
950 2801 1047 2867 ἔπεισε
1074 2802 1122 2866 καὶ
1154 2805 1277 2881 γνησίαν
1299 2806 1458 2886 άποδεῖξαι

366 2914 495 2984 γυναῖκα
516 2906 629 2987 χαίρειν
651 2904 783 2970 ἐάσαντα
803 2906 890 2983 δόξας
913 2907 1059 2982 Ἑλλήνων
1082 2906 1131 2971 καὶ
1151 2908 1261 2986 νόμους.

410 3013 478 3075 Imo
507 3011 575 3097 lege
603 3011 697 3083 Τέλος
725 3011 748 3075 δ’
765 3006 820 3075 οὖν.
868 3010 941 3075 Non
970 3010 1144 3075 adverbium
1175 3015 1258 3084 τέλος
1280 3020 1461 3100 'urguetun

368 3116 420 3178 sed
444 3114 622 3200 simpliciter
644 3114 754 3190 oratio,
777 3114 992 3196 consequentia
1014 3112 1165 3192 indicata,
1187 3118 1334 3200 procedit.

771 3338 795 3379 o.
818 3318 935 3381 XXIV
959 3317 978 3381 1.
1003 3320 1055 3381 16.

415 3524 561 3590 Ἐνταῦόα
582 3522 765 3603 Τηρίβαζος,
789 3524 857 3605 άνηρ
880 3526 1023 3597 πολλάκις
1046 3527 1150 3605 μὲνέν
1173 3530 1268 3612 πρότη
1291 3530 1330 3594 δι’
1353 3532 1464 3615 άνδρα-

372 3626 481 3705 ραόόαν
510 3626 594 3704 τάξει
625 3626 794 3705 γενόμενος,
819 3628 963 3702 πολλάκις
982 3630 1007 3694 δ’
1020 3631 1185 3713 άπορριφεὶς
1208 3634 1256 3698 διά
1284 3628 1483 3716 κουφότητα

372 3731 421 3795 καὶ
444 3731 512 3797 τότε
534 3732 661 3797 ταπεινά
683 3730 818 3813 πράττειν
840 3732 889 3797 καὶ
910 3735 1193 3817 περιορώμενος,
1216 3736 1304 3801 ἔσωσε
1323 3739 1465 3815 βασιλέα

373 3834 424 3900 καὶ
446 3836 495 3901 τόν
517 3834 648 3917 στρατόν.
1108 3895 1112 3903 .
1347 3899 1352 3912 x

419 3941 545 4026 Propria
568 3942 615 4004 vis
638 3939 722 4006 verbi
746 3944 876 4020 περιοράν
899 3941 1048 4026 ejusmodi
1071 3946 1117 4006 est
1139 3964 1215 4027 quae
1236 3943 1287 4007 hie
1305 3946 1380 4010 ferri
1397 3970 1465 4013 non

375 4046 486 4134 possit,
516 4045 628 4129 quippe
663 4044 745 4128 quod
776 4066 845 4109 oum
874 4046 1037 4132 participio
1068 4048 1205 4111 construi
1237 4054 1315 4112 amet
1338 4050 1467 4136 signifi-

376 4156 483 4234 eetque
516 4148 596 4211 idem
630 4151 720 4232 atque
753 4148 928 4228 άνέχεσόαι,
961 4150 1068 4232 ἔφορόν
1099 4173 1168 4215 cum
1190 4154 1351 4238 participio
1377 4158 1468 4236 αόιο,

376 4256 477 4335 patior
500 4252 623 4337 aliquid
637 4254 711 4336 fieri
733 4252 830 4317 veluti
853 4275 943 4339 supra
964 4254 997 4316 in
1022 4276 1047 4318 e.
1070 4254 1138 4318 VII
1161 4257 1283 4336 περιεῖδε
1306 4258 1355 4321 τόν
1371 4266 1468 4342 Κῦρον

377 4358 454 4429 ἐντὸς
484 4355 665 4437 παρελθόντα
694 4357 742 4421 καὶ
760 4358 946 4435 ,Βαβυλῶνος
977 4360 1068 4432 αὐτῆς
1094 4360 1125 4422 οὐ
1155 4361 1271 4440 μακράν
1295 4363 1465 4439 γενόμενον·

377 4462 410 4524 in
441 4482 466 4523 e.
496 4460 616 4525 XVIII
637 4460 723 4525 med:
736 4460 786 4526 καὶ
809 4463 851 4539 μη
875 4461 1016 4542 περιιδεῖν
1038 4461 1085 4526 ε’πὶ
1107 4470 1144 4544 τῇ
1163 4464 1309 4540 βασιλέως
1332 4467 1467 4544 ὠμότητι
