3609 5450
829 500 1028 561 -rro-
1138 445 1147 464 ⁸

393 688 540 772 scriptum
573 682 745 764 ἀσφαλίας,
778 685 874 769 prima
907 706 1006 750 manu.
1044 681 1153 763 schol.
1186 682 1391 773 ἀμετακίνητοι
1416 681 1468 750 εἷεν

392 794 490 862 ἀὐτοῖς
513 789 545 852 αἱ
567 785 662 865 τιμαί.
708 785 799 858 Quod
820 788 979 871 οἱσφαλίας
1001 810 1063 851 non
1086 785 1265 852 scholiastae
1287 810 1396 864 manu,
1421 789 1471 853 sed
1497 773 1499 779 ⁵

393 897 457 960 eius
480 893 533 977 qui
556 891 728 954 Mediceum
753 891 875 976 scripsit
899 892 1035 956 additum
1058 895 1120 967 est,
1152 912 1214 954 non
1236 891 1358 960 videtur
1380 890 1473 976 expliss

393 998 472 1062 catio
495 1018 574 1073 esse,
606 995 657 1059 sed
687 1016 742 1080 pro
773 996 856 1059 varia
878 995 1011 1060 lectione
1033 995 1235 1080 adscriptum,
1257 1017 1347 1079 quam
1369 995 1475 1060 lectio·

392 1121 461 1165 nem
496 1097 673 1162 scholiastes
703 1103 977 1181 quoque‘seoutus
1008 1104 1061 1163 est.
1106 1099 1242 1184 Speciem
1263 1103 1365 1165 tamen
1387 1097 1476 1164 habet

393 1204 584 1268 coniecturae
606 1201 774 1265 audacioris
797 1202 871 1266 satis
893 1204 1042 1287 autiquae.
1076 1202 1183 1268 Malim
1207 1202 1340 1282 αίαίμας.
1360 1201 1478 1282 Versus

287 1352 294 1383 ,
392 1313 439 1372 est
460 1305 691 1390 antispasticus3
713 1306 747 1370 in
769 1304 958 1392 antistropha
981 1306 1191 1372 scribendum:
1225 1290 1351 1379 ίεοὺςδ
1368 1303 1395 1370 οἳ
1416 1309 1478 1384 χῖον

392 1408 490 1490 ἔχοντ’
513 1407 578 1473 αἰεί.
1509 1496 1513 1501 ἡ

438 1515 511 1577 736.
545 1509 721 1590 πολυδρόμου
750 1513 857 1593 Φανίας
886 1509 991 1594 ὄφελος
1021 1510 1048 1575 εἴ
1075 1511 1106 1576 τί
1134 1534 1190 1590 μοι.
1222 1510 1478 1592 παροίχομαι,

392 1615 504 1696 ποίτερ,
535 1613 660 1691 δείματι.
712 1609 813 1679 Sohol.
843 1611 906 1680 door
935 1639 983 1691 μοι
1013 1614 1185 1695 προγὲχονεν
1215 1614 1319 1698 ὄφελος
1345 1614 1394 1680 διαὶ
1425 1623 1481 1690 τῆς

392 1717 489 1785 ἐνίαδε
519 1721 621 1799 doado
652 1717 692 1798 τῷ
720 1717 836 1795 δείματι
870 1723 919 1784 νῦν
941 1717 1125 1799 παροίχεται.
1171 1717 1256 1782 Huic
1278 1719 1375 1802 igitur
1398 1739 1482 1784 nova

393 1821 534 1908 periodus
567 1821 677 1906 incipit
710 1843 727 1885 a
759 1820 953 1901 πολυδρόμου,
981 1843 1035 1907 pro
1065 1809 1245 1901 παροίχομαι
1275 1820 1383 1886 habuit
1415 1844 1482 1887 πα-

392 1924 582 2005 ροίχεται,
613 1925 696 2008 quod
722 1948 810 1991 uerno
833 1932 950 2011 praeter
972 1925 1148 1989 Tumebum
1171 1918 1401 2002 animadvertit,
1427 1925 1483 2008 qui

393 2028 437 2091 ita
465 2029 500 2093 in
529 2032 617 2093 textu
648 2028 739 2093 dedit.
783 2029 964 2110 Παροίχεται
994 2028 1070 2093 mihi
1093 2029 1320 2114 praeferendum
1342 2028 1483 2105 videtur,

394 2131 466 2215 quia
488 2132 521 2195 in
543 2131 668 2218 vulgata
696 2133 881 2218 praepositio
904 2133 988 2197 omnl
1009 2133 1041 2196 vi
1064 2137 1153 2197 caret.
1197 2132 1387 2196 Wellauerus
1411 2132 1484 2216 qui-

396 2235 462 2298 dem
495 2236 529 2299 in
559 2235 656 2299 lexico
686 2237 917 2322 interpretatur:
947 2237 1080 2320 αορίααι,
1111 2238 1164 2301 sed
1193 2235 1267 2301 haec
1293 2236 1484 2322 significatio

396 2337 483 2401 nullo
507 2337 644 2423 exemplo
668 2338 848 2403 defenditur.

441 2444 515 2504 828.
547 2439 670 2511 αοίααας.
705 2439 1022 2518 8111101καταβοίαεις.
1067 2440 1262 2508 Hermannus
1284 2442 1358 2507 hine
1379 2445 1486 2528 patere

396 2541 488 2622 dicit,
511 2542 710 2608 Scholiastam
733 2543 874 2610 habuisse
891 2545 1067 2624 ααββασίας
1089 2567 1143 2631 pro
1165 2545 1377 2624 καταβαοίαο,
1398 2544 1486 2628 quod

396 2668 457 2711 uon
481 2669 536 2734 pro
560 2648 731 2711 accusativo
755 2649 807 2712 sed
830 2670 885 2735 pro
907 2649 1045 2736 genitivo
1063 2647 1234 2714 habendum
1255 2651 1304 2713 sit.
1338 2650 1372 2713 Si
1392 2647 1485 2712 scho-

397 2751 462 2815 lion
485 2751 563 2816 illud
585 2775 646 2816 non
669 2759 715 2817 ast
739 2758 932 2839 corruptum,
954 2752 1129 2819 huiusmodi
1151 2754 1225 2839 quid
1248 2754 1331 2818 latet.
1371 2752 1487 2819 Potuit

398 2860 499 2922 tamen
521 2857 701 2922 intercidere
723 2857 864 2936 verbum,
885 2862 923 2923 ut
944 2860 978 2924 in
1001 2858 1117 2923 scholio
1140 2858 1301 2945 legendum
1323 2856 1364 2921 sit
1385 2881 1486 2923 καπα-

399 2960 460 3040 dar
484 2962 532 3033 εἷς.
577 2962 627 3025 Ita
650 2959 776 3038 ααββαα
800 2960 844 3025 ad
858 2983 1035 3047 praeconem
1057 2963 1135 3026 foret
1156 2960 1350 3025 referendum.
1385 2959 1487 3027 Kieh-

399 3064 460 3129 lius
479 3063 500 3130 1.
525 3063 545 3127 1.
567 3087 595 3149 p.
620 3068 660 3129 25
681 3063 764 3128 hunc
785 3065 886 3129 locum
911 3066 1009 3152 specie
1031 3065 1127 3150 magis
1146 3085 1236 3147 quam
1253 3084 1287 3127 re
1304 3069 1487 3149 corruptum

399 3190 464 3233 esse
493 3168 613 3245 dicens,
632 3168 789 3254 proponit:
812 3168 879 3250 do,
897 3165 917 3231 δ’
935 3170 969 3245 μ’
987 3166 1083 3233 αὐτίκ’
1113 3167 1255 3247 aaaron
1285 3161 1376 3229 δαΐαν
1401 3166 1486 3241 βοὰν

400 3270 575 3351 audalaum
595 3307 639 3318 -
661 3270 713 3350 ἰόφ
735 3274 836 3333 tamen
859 3271 925 3353 ipsa
945 3290 1008 3331 non
1031 3268 1168 3339 extricat.
1212 3266 1310 3334 Elisio
1334 3287 1489 3335 consonae

400 3396 423 3439 οι
449 3373 493 3457 (in
523 3371 585 3455 μοι’)
609 3370 720 3435 illicita
751 3373 902 3455 praeterea
925 3374 988 3447 est,
1012 3374 1044 3433 et
1065 3391 1171 3435 sensus
1192 3370 1278 3448 loci‚·
1291 3372 1488 3455 quemadmo-

402 3476 475 3540 dum
496 3475 563 3559 ipse
583 3474 814 3558 interpretatur,
836 3470 968 3557 pedestri
986 3494 1074 3557 quam
1095 3473 1230 3559 poeticae
1246 3474 1376 3539 orationi
1387 3476 1488 3561 aptior

403 3584 457 3644 est.
502 3577 684 3642 Persuasum
706 3574 813 3656 habeo,
835 3576 937 3641 locum
964 3575 1056 3642 hodie
1079 3579 1202 3645 restitui
1224 3600 1286 3644 non
1308 3600 1410 3665 posse,
1433 3580 1488 3644 sed

403 3681 529 3763 ααββοία
552 3683 659 3766 utique
680 3680 904 3768 praeferendum
928 3704 994 3747 esse
1017 3681 1157 3769 vulgatae
1178 3681 1305 3754 κακκας.

450 3790 522 3851 830.
545 3786 620 3864 βοὰν
642 3786 784 3869 ἀμφαίνω
807 3788 856 3867 ὁρῶ
879 3785 951 3851 τοίδε
980 3786 1110 3868 φροίμια.
1151 3785 1254 3851 Schol.
1277 3787 1328 3850 oda
1346 3783 1389 3853 ἔτι
1405 3785 1489 3866 παρὰ

404 3894 455 3956 τοῦ
479 3890 587 3971 πατρὸς
610 3889 765 3955 ἀκούσασα
784 3891 856 3955 ἀλλ’
871 3890 1021 3964 αὐτόπτας
1035 3888 1174 3967 γενομένη
1190 3889 1259 3966 βοῶ.
1291 3889 1384 3974 Iiegit
1398 3888 1488 3968 δρῶν.

399 3993 466 4058 ‚sed
496 3992 621 4058 chorum
648 3994 826 4058 feminarum
849 3993 1018 4068 masculino
1039 4014 1148 4080 genere
1169 3993 1203 4058 in
1225 3992 1373 4079 singulari
1396 3992 1433 4056 de
1457 4014 1490 4057 se

398 4096 507 4182 loqui,
529 4118 592 4159 non
623 4096 846 4161 concedendum
870 4098 1001 4162 videtur.
1045 4097 1183 4162 luerunt
1204 4096 1257 4181 qui
1280 4096 1339 4160 lroo
1362 4099 1489 4160 conten·

407 4200 530 4279 dorent,
551 4201 676 4265 refutati
704 4199 742 4264 ab
765 4200 942 4268 Hermanno
964 4202 1003 4266 ad
1025 4200 1097 4287 vig.
1119 4224 1148 4287 p.
1172 4204 1245 4266 715.
1292 4200 1366 4265 Non
1388 4198 1489 4261 afi'erri

408 4303 495 4369 debet
528 4301 662 4391 Choeph.
695 4307 745 4366 22.
776 4305 877 4377 ἰαλτὸς
908 4308 940 4369 ἐκ
970 4304 1062 4383 δόμων
1092 4302 1179 4381 ἔβαν,
1208 4326 1269 4388 quo
1297 4303 1365 4369 loeo
1388 4299 1490 4373 ἰαλτός

408 4410 577 4496 communis
600 4410 719 4496 generis
747 4413 808 4487 est,
831 4409 973 4474 similiter
995 4430 1029 4473 ae
1052 4408 1209 4486 πλαγκτὸς
1231 4405 1318 4487 οὖσα,
1340 4410 1399 4494 Ag.
1422 4404 1488 4467 593

295 4523 297 4528 ’
352 4513 439 4602 ,·.ζιξ1
453 4512 521 4576 alia
544 4512 681 4579 verbalia.
