3609 5450
920 471 1098 532 „54-

469 687 472 695 ·
504 656 669 740 ·“Nuuque
696 678 733 720 en
755 655 874 719 Marsis
895 654 1094 741 Peliquisqua
1115 655 1272 718 ueniebant
1294 657 1337 733 ii,
1359 657 1412 739 qui
1436 659 1575 740 eripui,

462 783 511 823 ore
538 767 621 823 nocte
644 763 864 845 neffuqeruni,
890 762 1133 844 centurionesque
1154 760 1296 822 nonnulli
1314 760 1470 841 suaviores
1493 781 1560 822 ser-

459 885 558 926 uones
583 865 716 927 rnilitum
737 866 771 926 in
793 863 994 927 contuberniis
1016 865 1124 926 durius
1146 862 1356 944 aecipielaut⁷'
1380 862 1467 946 reliq.

504 966 644 1052 Namque
666 990 706 1031 eu
729 967 850 1030 Marsis
871 1005 916 1013 -
932 970 1145 1050 nerfhiuerunt.
1190 967 1230 1029 ln
1253 989 1316 1030 uno
1339 966 1447 1029 codice
1470 967 1560 1032 Nor-

460 1069 576 1134 vieensi
607 1070 720 1156 legitur
743 1072 859 1134 “Eninr
881 1093 918 1132 en
939 1069 1091 1147 Marsis,''
1113 1071 1146 1133 in
1169 1069 1236 1132 aliis
1260 1069 1421 1153 “Namque
1440 1070 1559 1149 euim?

461 1195 590 1258 quorum
611 1175 711 1260 priore
733 1174 880 1238 vocabulo
902 1175 936 1237 in
959 1197 1052 1258 ireque
1075 1179 1218 1259 corrupto
1242 1173 1378 1237 additum
1402 1179 1450 1237 est
1474 1177 1560 1239 enin

462 1276 499 1341 ab
523 1277 639 1360 aliqum
668 1277 721 1360 qui
745 1277 991 1360 conjunctionem
1015 1278 1161 1342 causalem
1185 1278 1298 1360 requiri
1321 1276 1453 1340 videbat.
1489 1278 1561 1365 Igi-

464 1384 513 1443 tur
531 1401 657 1463 nanque
679 1379 808 1443 maxime
831 1402 862 1443 se
885 1382 1093 1445 commendare
1111 1382 1231 1467 putavi:
1256 1380 1293 1443 de
1311 1402 1343 1444 re
1359 1381 1419 1444 vid
1432 1402 1502 1466 cap.
1516 1387 1557 1451 27

461 1482 554 1569 hujus
584 1482 664 1547 libri.
718 1482 926 1566 Peffuuernnt
956 1485 1094 1572 supplevi
1124 1508 1160 1549 ex
1190 1485 1293 1548 eodem
1323 1485 1439 1569 eapite,
1470 1487 1560 1568 quod

462 1607 566 1650 sensus
590 1586 743 1671 postulare
765 1586 932 1652 videbatur.
978 1589 1137 1654 Caeterum
1161 1589 1234 1653 baec
1257 1587 1346 1652 verba
1368 1588 1561 1668 ostendunt,

460 1711 523 1752 non
553 1712 629 1753 vana
658 1691 775 1769 timeri,
804 1691 887 1774 quod
917 1693 1108 1777 perfugieudi
1138 1691 1309 1778 exemplum
1336 1692 1483 1756 dederant
1508 1693 1561 1759 illi

462 1794 654 1857 centuriones
678 1814 747 1857 cum
771 1792 1010 1878 manipularibus
1027 1795 1108 1873 suis,
1127 1795 1180 1877 qui
1200 1795 1332 1878 ejusdem
1351 1796 1456 1880 gentis
1468 1803 1560 1862 erant
1590 1862 1593 1873 ,

460 1917 495 1958 ac
517 1895 628 1980 reliqui
651 1897 772 1960 militer.

505 1997 1010 2085 “Ceutuuicinasque-urriniebnntff'
1046 1999 1164 2064 Durius
1186 2002 1314 2064 fortasse
1336 2000 1560 2084 equidemac·

464 2105 560 2190 cipio,
576 2102 646 2167 0sed
677 2102 754 2166 male
777 2103 859 2166 dicta
883 2103 1013 2167 arbitror
1037 2105 1329 2189 “commilitonesque
1351 2141 1396 2153 —
1417 2106 1562 2171 rnilitum

463 2228 610 2270 sermones
640 2203 863 2286 uocmieduui?
892 2207 1001 2270 ferrem
1025 2207 1051 2269 si
1073 2205 1225 2294 legeretur
1252 2208 1387 2270 “auilites
1408 2244 1456 2257 —
1480 2233 1562 2274 com-

462 2310 633 2373 militonum
662 2307 831 2371 sermones'’
860 2308 946 2393 reliq.
978 2324 1097 2386 verunt,
1128 2314 1164 2373 ut
1194 2332 1278 2374 nuno
1305 2332 1352 2374 res
1383 2333 1415 2373 se
1445 2311 1562 2394 habet,

464 2413 534 2479 voci
563 2413 696 2474 militurn
729 2411 904 2497 praeoedere
935 2410 1041 2477 debere
1070 2413 1178 2498 opinor
1209 2414 1314 2491 aliam,
1336 2435 1412 2497 quae
1434 2416 1562 2484 indicet

462 2517 609 2601 quosdam
642 2516 764 2598 iniquos
801 2515 935 2579 militum
970 2536 1116 2580 censores,
1171 2516 1234 2580 Eos
1268 2521 1367 2580 autem
1389 2522 1563 2607 §commili-

462 2625 551 2684 tones
584 2619 679 2683 fuisse
712 2640 775 2682 non
810 2618 1004 2696 crediderim,
1037 2620 1150 2705 quippe
1179 2621 1233 2704 qui
1264 2642 1367 2683 omnes
1390 2621 1501 2688 eodem
1527 2626 1563 2690 in

463 2725 619 2788 Caesarem
650 2723 750 2787 animo
782 2720 922 2810 emnil),
951 2723 1003 2788 sed
1028 2726 1220 2789 centuriones
1242 2748 1280 2789 ex
1301 2726 1340 2789 iis
1363 2723 1562 2810 legionibus,
1600 2743 1603 2750 ⁴

461 2850 535 2912 quas
560 2828 726 2892 seeundum
748 2850 776 2891 o.
801 2832 859 2904 28,
882 2828 1106 2909 “superioribus
1129 2830 1308 2913 temporibus
1322 2830 1456 2913 Corfinio
1476 2854 1563 2897 rece-

455 2936 548 3015 perat
582 2935 709 3006 Cuesur;
741 2933 827 3011 adeo,
857 2938 893 2994 ut
917 2933 1029 3011 paucis
1059 2934 1185 2995 mutetis
1216 2933 1438 2996 ceutrrniouibus
1462 2936 1564 3010 iidem

460 3037 579 3099 niclines
601 3035 809 3119 mundialique
830 3033 1025 3098 constarent.''
1064 3036 1173 3119 Itaque
1196 3037 1304 3122 scripsi
1330 3040 1562 3106 “centuriones-

461 3162 516 3225 que
546 3136 722 3215 nonnulli',
754 3139 885 3201 innuens
909 3160 975 3214 eos,
998 3139 1052 3221 qui
1075 3140 1198 3202 remotis
1227 3146 1453 3217 successerant,
1479 3166 1563 3229 quos

461 3242 551 3306 facile
580 3241 693 3305 milites
726 3262 796 3303 suos
829 3246 986 3325 suspectos
1017 3239 1159 3306 habuisse
1182 3242 1338 3307 credebam
1360 3246 1563 3335 maximeque

462 3365 627 3430 propensos
658 3343 696 3406 ad
726 3364 759 3406 ea
788 3342 893 3407 durius
924 3343 1115 3428 accipienda,
1148 3347 1280 3429 quaein
1303 3347 1520 3416 contuberniis
1545 3376 1563 3418 a
1613 3363 1614 3384 ³

462 3445 613 3511 militibus
638 3447 674 3510 de
697 3445 837 3523 Caesare,
859 3468 962 3511 corum
981 3446 1117 3530 judicio,
1139 3449 1269 3533 injusto,
1292 3450 1484 3517 dicebantur.

404 3633 407 3637 ⁴
510 3552 684 3614 “Serruones
713 3550 846 3617 nillum
876 3552 910 3613 in
939 3551 1165 3615 contuberniis''
1189 3553 1284 3619 dictio
1307 3561 1353 3619 est
1376 3578 1392 3618 a
1415 3556 1562 3626 Caesaris

464 3655 684 3718 consuetudine
717 3677 780 3719 non
815 3654 918 3719 aliena.
965 3656 1018 3719 Sic
1041 3679 1068 3720 v.
1093 3678 1117 3719 c.
1140 3657 1176 3721 Β.
1199 3658 1233 3721 C.
1258 3663 1286 3722 1.
1310 3649 1568 3726 irruebam:

463 3758 576 3820 tissimi
598 3760 799 3841 superioribus
822 3760 1000 3841 tenporibus
1022 3760 1161 3824 tribuni''
1185 3767 1215 3825 et
1237 3762 1256 3825 l.
1280 3767 1308 3825 2.
1333 3785 1357 3825 c.
1382 3766 1432 3827 37.
1458 3770 1561 3831 “Cue-
1613 3831 1614 3842 ,

462 3861 542 3923 suris
563 3862 596 3922 in
619 3862 777 3941 Hispania
796 3884 842 3925 res
861 3862 1053 3925 secunrlue⁷':
1074 3864 1163 3926 verba
1182 3865 1237 3926 “in
1255 3866 1455 3929 contuberniis
1464 3867 1483 3894 ’'
1495 3869 1560 3936 huc

464 3963 620 4028 commode
640 3966 796 4028 transferri
819 3985 907 4049 posse
928 3964 1124 4043 videbantur,
1148 3967 1230 4049 quod
1252 3968 1296 4030 ita
1319 3989 1424 4033 sensus
1442 3978 1559 4057 postu„

462 4067 544 4132 labat
575 4070 664 4150 atque
693 4067 726 4128 in
752 4065 810 4130 hoo
834 4069 1050 4132 commentario
1073 4068 1120 4132 vel
1143 4070 1238 4133 totius
1261 4072 1429 4137 sententiae
1451 4081 1559 4144 trans-

469 4250 711 4263 m

496 4344 590 4402 1)Vid.
617 4360 667 4412 cap.
693 4343 733 4396 27.
757 4341 797 4392 lib.
824 4343 848 4392 2.
883 4344 955 4404 “Hi‚
979 4348 1021 4407 (rc.
1041 4344 1158 4409 penisque
1181 4346 1328 4395 centuriones
1345 4348 1445 4410 Murri)
1463 4357 1557 4425 σαψ.

462 4428 528 4471 mant
542 4426 634 4488 quidem
651 4430 714 4475 certe
730 4424 802 4474 totius
818 4425 935 4475 euerritur
951 4426 1041 4475 numos
1057 4426 1148 4476 aluums
1164 4443 1180 4475 a
1198 4426 1324 4478 Cimone?

493 4504 530 4552 Cf.
548 4520 597 4569 cop.
616 4505 655 4553 31.
672 4507 696 4554 et
711 4503 803 4554 initium
820 4504 859 4554 33.
876 4503 916 4554 lib.
934 4505 956 4554 2.
