3609 5450
896 503 1097 566 -102-

460 687 519 767 γόιρ
551 689 606 750 πῶν
636 687 703 750 dedu
729 687 765 757 ὥς
788 683 864 750 οὐδὲν
887 686 1018 769 παρῆοοόν
1040 691 1157 764 μονῶν
1179 683 1317 765 δημοσίων
1337 689 1446 763 Ιτιμῶν,
1469 684 1491 748 i.
1518 706 1546 748 e.

460 791 574 878 τιμῶν
597 787 765 866 δαμαιῖιν
787 785 894 854 δόλοι.
936 781 1085 876 Apertum
1108 794 1170 867 est,
1193 787 1370 854 scholiastae
1391 787 1549 851 invenisse

459 913 551 968 Ιπιααν
572 891 712 970 δαμαιαν.
759 892 818 956 Sed
843 891 968 971 δαμαῖος
989 915 1052 957 non
1075 894 1196 958 videtur
1215 912 1357 977 umquam
1374 913 1429 976 pro
1447 890 1549 968 δήμιος

458 1000 646 1081 usurpatum.
691 995 800 1078 Itaque
829 999 912 1060 recte
941 1000 1109 1062 correctum
1138 996 1259 1062 videtur
1282 996 1413 1067 berardo.
1460 1004 1548 1058 Δολοι

418 1128 424 1139 ·
460 1103 561 1165 autem
594 1098 675 1181 quod
704 1098 738 1161 in
768 1101 856 1163 textu
878 1102 925 1163 est
946 1100 1114 1163 necessario
1146 1098 1183 1162 ad
1212 1097 1285 1178 δόλῳ
1308 1099 1403 1182 ducit¹
1418 1101 1449 1161 et
1472 1096 1548 1162 δόλοι
1605 1130 1607 1132 -

459 1223 521 1266 uno
544 1202 655 1265 nititur
678 1200 848 1288 scholiaste.
893 1199 985 1272 Quod
1008 1202 1034 1266 si
1057 1203 1212 1285 quaeritur
1234 1203 1294 1265 iam
1315 1205 1420 1265 utrum
1429 1198 1503 1281 δόλῳ
1513 1200 1548 1263 in

458 1303 532 1373 δόλοι
556 1308 703 1369 mutatum
727 1326 792 1368 esse
814 1302 1000 1389 probabilius
1031 1305 1073 1369 sit
1103 1328 1142 1369 an
1171 1309 1292 1383 eontra,
1323 1305 1407 1390 prius
1437 1301 1548 1390 procul

459 1406 552 1472 dubio
575 1407 798 1492 praeterendum
821 1410 883 1484 est,
906 1408 987 1490 quod
1010 1407 1068 1472 hac
1090 1408 1259 1473 mutatione
1279 1404 1348 1487 ἦραν
1366 1407 1457 1472 habet
1473 1405 1548 1471 sub-

458 1510 654 1594 tectumque
679 1510 854 1594 ceteroquin
877 1510 1005 1575 carebat.
1051 1512 1088 1576 Id
1115 1513 1146 1577 si
1164 1534 1268 1577 verum
1291 1494 1352 1588 est,
1375 1511 1548 1575 subiectum

459 1615 591 1690 excidit,
613 1615 695 1697 quod
711 1613 805 1677 facile
827 1617 929 1698 potest
950 1615 1072 1680 restitui
1094 1614 1255 1680 scribendo
1277 1613 1463 1692 δνςπόλαμοι
1486 1634 1548 1676 πα-

460 1716 569 1795 rapae.
611 1717 781 1794 etjProm.
805 1721 878 1782 576.
901 1717 1078 1792 πνλέπλανοι
1102 1718 1232 1796 π’λοόναι;
1257 1722 1331 1782 585.
1365 1717 1548 1786 πολύπλανοι

453 1819 590 1896 »πλόιαις
614 1819 686 1885 Eur.
711 1820 787 1884 Hec.
810 1824 884 1884 192.
907 1820 1073 1902 δοςφόμονο
1095 1823 1213 1904 φήμας.
1259 1822 1416 1890 Praeterea
1438 1820 1478 1897 ae
1497 1841 1549 1882 ve-

460 1945 527 1988 rum
561 1946 625 1988 esse
657 1924 779 2007 nequit3
811 1923 870 1987 nisi
899 1928 1041 2009 putemus
1070 1946 1212 2011 graecum
1240 1945 1305 1988 esse
1326 1922 1460 2002 ἀπαίρειν
1481 1920 1549 1986 τινα

460 2049 533 2098 τινος
555 2048 610 2112 pro
633 2027 764 2110 spoliare
786 2027 917 2110 aliquem
939 2027 1045 2112 atiquo
1075 2049 1115 2091 νο.
1156 2028 1267 2110 Itaque
1287 2026 1449 2113 legendum
1472 2029 1548 2113 puto

462 2130 514 2215 (με
536 2131 653 2195 auctori
675 2152 731 2194 suo
753 2130 910 2214 restituto)

642 2304 703 2381 νύξ.
727 2305 787 2368 derb
810 2305 869 2385 νόιρ
891 2306 983 2382 πιμόιν
1006 2304 1127 2369 δαναιόιν
1150 2305 1216 2368 θεῶν

528 2454 529 2458 ,
578 2485 580 2489 Ι
638 2403 824 2493 δνοπαλαμοι
847 2404 991 2483 παλόμαι
1014 2408 1083 2486 παρ’
1105 2405 1182 2470 οὐδὲν
1205 2401 1274 2486 ἦραν
1296 2403 1396 2488 aaa„

461 2587 522 2650 quo
544 2564 697 2629 lucramur
720 2565 795 2628 duos
815 2564 960 2629 dimetros
983 2563 1191 2646 dochmiacos,
1214 2587 1343 2650 quorum
1366 2560 1442 2630 alter
1463 2587 1549 2651 prae-
1605 2610 1607 2615 -

461 2669 596 2756 positum
624 2658 714 2733 habet
748 2667 920 2753 dactylum,
952 2668 1039 2732 cuius
1069 2670 1187 2756 generis
1217 2691 1322 2736 versus
1353 2673 1425 2735 sunt
1457 2668 1549 2733 etiarn

462 2774 544 2860 Sept
569 2775 650 2851 cal,
672 2796 728 2858 sq„
752 2776 830 2851 228,
854 2796 910 2857 sq„
930 2773 991 2836 nisi
1010 2774 1092 2858 quod
1112 2774 1206 2838 altero
1225 2797 1314 2838 versu
1333 2796 1413 2837 unus
1426 2777 1550 2837 tantum

445 2874 623 2941 'dochmius
637 2880 707 2941 est:
731 2879 789 2941 aeta
811 2879 958 2956 χαλεποῖς
980 2877 1052 2950 δύας
1068 2875 1161 2959 ὕπερθ’
1176 2877 1319 2957 όμμοόποιν
1334 2878 1551 2957 Κρηαναμενοῖν

460 2983 593 3063 ’νεφελᾶν
614 2981 693 3060 όοόοῖ.
728 2979 916 3044 scholiastae
938 2979 1035 3066 igitur
1055 2980 1147 3046 lectio
1169 2981 1378 3069 postponenda
1400 2980 1549 3044 Mediceo.

446 3103 448 3107 ⁴
478 3096 482 3109 ¹
509 3089 581 3149 861.
605 3082 741 3158 ἐξελοῦσῖ
788 3080 888 3146 Schol.
917 3084 1161 3163 αναππεοόοαοα.
1208 3084 1282 3149 Non
1306 3086 1407 3168 potest
1428 3083 1488 3147 hoc
1511 3082 1551 3147 ad

464 3188 619 3273 vulgatam
648 3186 760 3249 referri.
805 3183 888 3270 Ergo
920 3184 1110 3249 Fritaschius
1139 3187 1241 3270 ipsum
1265 3174 1453 3249 'scholiasten
1480 3191 1551 3251 ten-

463 3292 541 3354 tavit
574 3288 739 3351 coniiciens
773 3286 1006 3368 οὲναπεριόσαοα,
1033 3286 1218 3351 Wieselerus
1241 3288 1351 3351 statuit
1374 3288 1552 3355 confudisse

464 3414 533 3457 cum·
554 3389 675 3470 ἐξαιρεῖν
693 3394 723 3453 et
743 3388 878 3469 ἐξαίρειν,
900 3391 937 3451 ut
956 3390 1136 3475 explicuerit
1155 3388 1296 3467 ἐξελοῦσα
1315 3386 1403 3475 quasi
1416 3390 1552 3473 ἕξοόραοα

463 3496 529 3561 eius
545 3516 745 3579 synonymum
762 3497 840 3575 esset
859 3492 870 3576 (
879 3493 1034 3571 Wtereter,
1053 3496 1251 3559 Οοιιόοοόαιιοα
1266 3496 1301 3558 in
1315 3483 1407 3583 Εαιια
1420 3520 1448 3581 p.
1461 3497 1548 3581 165).

465 3599 746 3681 Quomodocunque
765 3596 801 3660 de
819 3595 868 3660 his
885 3597 1049 3673 statuitur,
1059 3600 1256 3664 transitivum
1267 3600 1391 3664 verbum
1403 3600 1491 3684 quale
1501 3605 1549 3666 est

463 3705 641 3784 όναππεροῖιν
651 3700 703 3765 hic
714 3701 838 3766 minime
850 3705 954 3788 aptum
967 3705 1029 3780 est,
1040 3724 1131 3786 quare
1142 3706 1196 3768 aut
1207 3702 1383 3768 scholiastes
1392 3726 1475 3769 suam
1485 3705 1549 3770 lec-

336 3828 338 3833 *
464 3808 580 3873 tionem
603 3807 680 3871 male
701 3807 917 3892 interpretatus
940 3809 1003 3883 est,
1026 3810 1079 3871 ant
1101 3806 1206 3871 falsam
1225 3806 1341 3871 habuit.
1364 3817 1365 3821 ’
1385 3807 1476 3872 Latet
1487 3808 1548 3872 fcr-

463 3916 543 3977 tasse
564 3911 700 3975 insolens
723 3911 846 3994 aliquod
871 3908 1063 3974 vocabulum
1078 3911 1160 3993 quod
1182 3912 1302 3988 ἐμπνεῖν
1323 3912 1547 3995 significaverit.

453 4010 608 4083 Ceterum
637 4014 750 4078 iniuria
778 4012 921 4077 nonnulli
950 3997 1130 4099 interpretes
1161 4018 1326 4100 provocant
1348 4014 1386 4078 ad
1410 4011 1548 4079 scholion

464 4118 646 4199 ιε’ξελόοῦοαἹ
662 4114 883 4193 διαπερόοαοα,
907 4116 989 4199 quod
1008 4117 1041 4180 in
1060 4116 1288 4181 Robortelliaua
1307 4118 1475 4194 invenitur,
1495 4116 1547 4183 sed

465 4228 500 4290 in
529 4223 668 4288 Medioeo
699 4220 798 4297 deest;
827 4242 898 4284 nam
921 4242 937 4284 e
961 4220 1134 4286 coniectura
1163 4222 1264 4287 fluxit.
1286 4260 1331 4271 —
1353 4222 1484 4308 Reliqua
1513 4223 1547 4286 in

466 4327 583 4394 scholio
606 4327 644 4391 ad
666 4325 836 4414 proximum
857 4324 1161 4412 versum'pertinent.

479 4461 481 4467 ·
509 4432 695 4500 Sunrnmus.
741 4435 770 4495 9.
793 4426 1001 4513 φνλαξοόνοραν
1022 4428 1121 4508 νόμον
1146 4426 1276 4515 (litterae
1299 4429 1548 4514 staturosum),

465 4533 581 4601 Sobel:
604 4528 754 4618 φνξοόνορα
779 4533 849 4619 (hoc
871 4533 979 4599 lemma
1000 4538 1046 4599 est
1064 4533 1095 4597 in
1119 4532 1227 4619 Medll
1252 4533 1473 4615 νόμονφογδιν
1496 4532 1547 4596 du·
1612 4605 1615 4613 ¹
