3609 5450
696 463 872 522 ..29-

287 649 398 737 Legito
422 644 561 724 τεμίντα.

736 747 756 812 1.
781 751 831 811 28.

285 957 372 1022 Ὅθεν
402 956 483 1027 sotto
513 952 561 1018 ἐπὶ
583 954 636 1028 την
658 952 774 1035 ζήτησιν
797 955 926 1035 ὁρμήσας
949 955 1015 1025 τοὺς
1037 954 1091 1032 μὲν
1114 952 1258 1034 ὑπηρέτας
1273 955 1323 1019 καὶ

240 1059 469 1141 τραπεζοκόμους
491 1065 544 1132 τῆς
566 1057 673 1137 μητρὸς
696 1056 842 1135 συνέλαβε
865 1059 915 1123 καὶ
938 1056 1189 1136 κατεστρέβλωσε.
1369 1136 1371 1141 Α

285 1163 494 1248 Conpositum
517 1159 565 1224 vb.
587 1160 829 1242 καταστρεβλοῦν
851 1183 913 1225 non
937 1163 971 1225 in
993 1184 1052 1225 usn
1074 1163 1129 1224 est.
1164 1159 1233 1223 Neo
1251 1184 1323 1228 vero

240 1266 293 1331 hic
316 1265 557 1346 κατεστρέβλωσε
579 1265 639 1328 nisi
659 1264 849 1328 antecedenti
872 1263 1021 1329 vocabulo
1044 1264 1093 1329 καί
1117 1286 1177 1329 κατ
1199 1285 1324 1351 praepo-

240 1371 334 1433 situm
365 1368 460 1433 debet.
499 1369 580 1432 Nam
611 1367 752 1431 Atticum
782 1367 910 1453 simplex
939 1366 1100 1447 στρεβλοῦν
1134 1365 1324 1431 solummodo

242 1474 356 1537 Noster
379 1476 513 1558 usurpat.
536 1471 584 1534 Cf.
606 1469 687 1534 Vitt.
713 1493 741 1556 p.
762 1475 845 1550 292,
866 1471 888 1548 f,
912 1474 986 1549 367,
1010 1470 1038 1535 d.
1062 1474 1144 1547 542,
1164 1491 1188 1533 e.
1209 1470 1323 1549 tono.

244 1580 324 1655 758,
344 1575 375 1640 b.
400 1579 503 1652 1018,
525 1596 550 1637 e
574 1576 660 1637 1048
684 1571 712 1636 b.
745 1572 829 1660 Lege
850 1575 949 1661 igitur
970 1573 1020 1638 καί
1043 1572 1234 1655 ἕστρέβλωσε.

652 1801 681 1844 o.
703 1779 788 1846 XXI
810 1779 830 1844 I
854 1782 904 1845 20.

285 1988 371 2055 Ἀλλ’
401 1988 463 2053 ε’πεί
493 1987 641 2069 κρατήσας
671 1996 708 2070 τῇ
730 1989 794 2070 περί
823 1986 924 2054 Κνίδον
954 1985 1112 2069 ναυμαχίη
1141 1987 1190 2052 διοδ
1211 1997 1325 2067 Φαρνα-

240 2093 334 2174 βοίζου
365 2092 413 2157 καί
445 2090 567 2163 Κόνωνος
589 2090 731 2174 οίφείλετο
754 2093 807 2166 την
829 2091 910 2156 κατα
933 2089 1086 2155 ίοίλατταν
1108 2091 1203 2171 οίρχην
1226 2101 1325 2157 Λακε-

242 2197 415 2276 δαιμονίους,
445 2194 607 2276 ἐπέστρεψε
636 2198 739 2260 πᾶσαν
768 2196 839 2274 ὁμοῦ
868 2195 922 2270 την
951 2193 1086 2259 Ἑλλοίδα
1114 2194 1183 2275 πρὸς
1216 2195 1322 2270 αὐτὸν,

239 2299 314 2366 ἱίστε
342 2301 391 2365 καί
421 2301 473 2374 την
503 2297 670 2378 περιβόητον
700 2300 806 2380 εἰρήνην
838 2298 1010 2381 βραβεῦσαι
1039 2305 1098 2370 τοῖς
1124 2295 1250 2372 Ἕλλησι
1272 2297 1325 2372 την

239 2407 287 2470 ἐπ’
306 2403 495 2470 Ἀνταλκίδου
518 2402 804 2485 προςαμορευομένην.
1343 2484 1347 2491 Ι

282 2509 416 2572 Inserito
446 2510 517 2593 post
547 2508 618 2584 ὁμοῦ
649 2505 828 2571 vocabulum
858 2529 903 2583 τι,
933 2504 1015 2589 quod
1041 2526 1169 2589 sequens
1192 2505 1245 2580 τίν
1269 2503 1322 2568 ab·

237 2612 359 2697 sorpsit.
393 2610 534 2674 Formula
565 2610 634 2686 ὁμσῦ
664 2632 692 2673 τι
723 2630 777 2694 pro
804 2608 912 2672 Attico
942 2607 1048 2688 σχεδόν
1079 2609 1194 2673 Noster
1223 2608 1324 2672 utitur

239 2715 390 2797 frequens.
425 2713 478 2777 Sic
500 2711 580 2776 infra
602 2711 636 2773 in
656 2734 680 2775 o.
697 2710 801 2776 XXV.
821 2710 982 2789 οὶποβαλοδν
996 2707 1101 2784 ίππους
1117 2713 1188 2790 ὁμοῦ
1203 2735 1231 2776 τι
1248 2709 1323 2775 ποίν·

239 2840 311 2892 ταςς
342 2816 375 2878 in
401 2816 455 2878 vit.
478 2813 583 2878 Them.
606 2834 631 2876 o.
654 2812 730 2877 VII.
754 2815 855 2889 πλήθει
877 2820 934 2879 τῶν
956 2815 1022 2878 νέων
1045 2813 1223 2892 σύμπαντας
1253 2815 1324 2892 ὁμοῦ

239 2944 268 2985 τι
298 2919 365 2990 τοὺς
395 2915 503 2988 σίλλους
535 2914 752 2996 ὑπερίβαλλον;
783 2918 815 2980 in
839 2918 893 2980 vit.
916 2916 1016 2980 Alcio
1045 2939 1070 2981 o.
1092 2918 1189 2980 XIII.
1212 2923 1271 2988 τοῖς
1294 2916 1324 2979 δὲ

238 3028 373 3101 κωμικοῖς
398 3022 474 3099 ,ὁμοῦ
501 3044 529 3084 τι
560 3023 633 3084 ποῖσι
665 3018 813 3099 διατριβὴν
834 3019 880 3085 οίεί
904 3018 1104 3098 σκωπτόμενος
1127 3022 1156 3084 ε’ν
1177 3027 1237 3091 τοῖς
1260 3017 1324 3083 θεοί-

238 3150 313 3208 τροις
343 3131 502 3206 παρεῖχεν;
534 3123 567 3187 in
599 3123 652 3187 vit.
683 3122 747 3186 Cio.
779 3141 804 3187 e.
835 3123 927 3188 XVI.
956 3122 1006 3187 καί
1029 3123 1180 3204 δισμυρίων
1202 3124 1272 3202 ίμοῦ
1295 3147 1323 3188 τι
1403 3160 1412 3178 -ι

237 3228 491 3310 συνηίροισμένων;
523 3227 555 3292 in
587 3226 642 3290 vit.
672 3227 757 3291 Atat.
787 3248 812 3291 c.
835 3226 895 3292 IX.
918 3221 957 3299 οίς
979 3226 1081 3309 μακροὶ
1107 3227 1161 3305 μὲν
1184 3229 1201 3302 η
1225 3226 1323 3302 πλοίνη

236 3334 289 3399 καί
313 3335 386 3412 ὁμοῦ
409 3356 437 3397 τι
461 3331 708 3406 πεντηκονταετὴς
731 3330 870 3410 ἐγεγόνει.

559 3551 564 3557 ·
642 3557 667 3599 o.
689 3535 793 3632 XXII
814 3537 834 3600 l.
858 3542 909 3602 12.

208 3777 212 3784 ·
284 3746 320 3809 Ὀ
350 3743 404 3822 μὲν
431 3741 493 3823 μοδρ
523 3738 719 3819 Ἀγησίλαος,
743 3741 779 3810 ιδς
801 3739 887 3815 ἔοικε,
911 3740 979 3820 πρὸς
1002 3741 1050 3805 τὸν
1072 3742 1202 3809 είπίντα.
1231 3751 1320 3821 ,,Φεῦ

239 3855 292 3922 τῆς
314 3843 469 3922 Ἑλλοίδος,
492 3842 561 3909 ὅπου
583 3842 745 3923 μηδίζουσιν
772 3846 841 3921 ἡμῖν
862 3843 887 3908 οἱ
902 3841 1067 3917 Λοίκωνες.”
1090 3896 1111 3922 ,,
1125 3846 1221 3933 [OQ]
1240 3853 1320 3927 μο”ιλ·

238 3947 323 4025 λον,”
346 3944 425 4013 εἶπεν
448 3949 502 4026 ,,οἱ
524 3946 618 4023 Μῆδοι
641 3943 855 4026 λακωνίζουσι,”

283 4050 316 4117 οὗ
337 4052 458 4117 Reiskii
480 4038 608 4128 Comes,
630 4055 700 4137 post
721 4049 906 4132 λακωνίζουσι
929 4050 1052 4137 signum
1073 4053 1321 4140 interrogationis

238 4158 328 4244 ponit
359 4156 544 4221 Schaeferus.
574 4154 764 4233 Sohaeferns‚
793 4177 850 4241 ego
879 4154 991 4220 deleam
1020 4157 1068 4236 οὐ,
1099 4159 1136 4221 of.
1165 4160 1255 4243 Ages.
1279 4159 1320 4221 23
1431 4211 1434 4218 ,

238 4282 313 4327 mor.
341 4260 426 4325 eleb.
472 4260 558 4325 Haeo
592 4255 738 4324 Sintenio.
784 4260 852 4325 Nos
882 4281 969 4338 vero,
1000 4281 1063 4324 uno
1084 4260 1172 4325 litera
1193 4262 1322 4339 inserte,
1415 4269 1417 4274 '

239 4366 367 4453 legimus
386 4365 455 4444 ι,Οὐ
477 4361 618 4444 μαλλον”
640 4358 719 4431 εἶπεν
741 4364 787 4442 „t
810 4364 834 4429 οί
856 4363 950 4440 Μῆδοι
969 4360 1184 4444 λακωνίζουσι.”
