3609 5450
809 495 985 565 ..341-

351 683 466 749 fautum
499 681 562 753 est,
590 674 674 759 quod
707 670 741 739 iu
774 674 914 742 Mediceo
937 677 1054 762 aliquot
1074 678 1203 767 paginae
1225 676 1343 742 desunt.
1375 675 1440 739 'Re-

352 787 487 852 cautiora
520 779 636 847 scholia
670 778 707 842 ad
741 778 799 843 hos
829 802 935 846 versus
965 785 996 846 et
1017 782 1165 868 reliquam
1186 772 1440 865 fabulaepa‘rtem

352 889 439 953 affert
474 885 670 961 Diodorfius,
705 905 733 968 p.
761 886 949 950 ool—510.
995 886 1075 950 Sunt
1095 883 1168 949 haec
1187 885 1317 971 primum
1337 905 1355 946 a
1373 882 1441 945 Ste-

352 988 453 1075 phano
475 988 509 1051 in
532 986 667 1051 editione
689 985 824 1049 Victorii
847 985 971 1072 vulgata
994 1009 1010 1051 e
1033 988 1138 1053 codice
1157 986 1334 1052 Florentino
1352 986 1441 1073 (plut.

351 1091 478 1157 XXXI.
502 1090 536 1175 8)
560 1094 628 1166 aut,
650 1087 732 1172 quod
755 1086 941 1173 probabilius
968 1089 1105 1168 videtur,
1127 1114 1144 1154 e
1165 1090 1365 1164 Farnesiauo,
1387 1090 1441 1173 qui

352 1195 509 1259 continere
528 1191 723 1256 existimatur
745 1192 949 1255 recensionem
973 1194 1115 1258 Triclinii
1137 1198 1168 1258 et
1190 1194 1323 1258 eiusdem
1347 1214 1441 1256 anuo-

350 1298 492 1363 tationes.
537 1293 679 1360 Alicuius
709 1296 854 1360 momenti
869 1306 871 1310 '
885 1301 986 1360 essent
1016 1297 1132 1362 scholia
1160 1298 1329 1362 recentiora
1352 1296 1391 1359 ad
1416 1318 1441 1360 v.

352 1402 567 1474 311-1066,
590 1397 617 1460 si
641 1399 735 1461 statui
758 1403 875 1483 posset,
895 1399 1020 1483 antiqua
1039 1401 1145 1479 etiam,
1165 1399 1255 1464 hodie
1272 1399 1442 1484 deperdita,

352 1502 401 1569 his
424 1525 487 1566 esse
509 1501 666 1586 permixta.
712 1500 760 1565 De
782 1499 840 1565 hoc
863 1523 1019 1566 veronen
1042 1503 1148 1588 liquet.
1193 1503 1233 1567 Iu
1254 1503 1350 1588 prima
1372 1501 1443 1585 qui·

352 1607 419 1670 dem
452 1603 569 1668 fabulae
596 1607 681 1688 parte
704 1604 744 1687 (v.
770 1606 914 1690 1-310)
938 1606 1063 1690 antiqua
1085 1606 1201 1671 scholia
1223 1603 1442 1670 recentioribus

352 1729 414 1773 non
438 1712 511 1770 sunt
533 1705 720 1790 interposita
766 1705 826 1769 Sed
849 1705 976 1771 dubium
999 1713 1061 1784 est,
1083 1714 1187 1773 utrum
1207 1708 1251 1772 ibi
1274 1705 1311 1770 ab
1328 1706 1443 1771 editore

353 1812 417 1877 sint
439 1811 566 1886 omissa,
589 1831 628 1872 an
650 1829 751 1872 revera
778 1809 812 1872 in
834 1808 918 1885 MS„
940 1809 994 1893 qui
1016 1813 1183 1875 recentiora
1205 1811 1358 1888 continet,
1379 1830 1442 1874 uon

351 1914 499 2000 legantur.
533 1913 674 1999 Ipsorum
694 1917 793 1993 tamen
813 1910 998 1976 scholiorum
1016 1914 1053 1976 ad
1070 1936 1097 1978 v.
1110 1917 1307 1979 311-1066
1325 1913 1443 1977 ratione

353 2016 456 2081 habita
485 2038 548 2079 uon
579 2016 723 2092 dixerim,
748 2015 871 2099 antiqua
892 2016 933 2079 iis
955 2015 1206 2102 subesse,.quare
1227 2016 1281 2082 illa
1302 2015 1354 2081 hic
1376 2038 1442 2103 per·

356 2126 570 2187 tractarenon
591 2140 712 2184 necesse
734 2117 836 2189 habui.

400 2227 495 2289 1091.
517 2223 648 2303 daranah
683 2221 785 2286 Sohol.
808 2221 873 2287 dari
893 2220 1082 2304 τοῦᾶγχόκρ.
1117 2222 1209 2309 Legit
1219 2224 1317 2309 igitur
1328 2223 1442 2306 ἄρτωνρ

354 2325 409 2397 sed
439 2326 515 2390 illuc
546 2346 667 2410 quoque
690 2325 777 2390 ducit
799 2324 891 2390 lectio
915 2325 1063 2402 Medicei,
1082 2327 1115 2390 in
1138 2348 1198 2411 quo
1222 2326 1300 2391 libro
1323 2328 1441 2412 saepius

354 2429 417 2491 iota
446 2428 652 2513 subscriptum
679 2429 890 2514 postponitur3
919 2429 981 2504 sio,
1014 2427 1198 2515 nelongius
1221 2428 1442 2508 abeam,inf1a

358 2534 443 2597 1106
467 2531 554 2608 βοῖκ,
580 2533 663 2596 1127
689 2530 890 2610 μελκγκέρωι,
908 2553 1003 2616 supra
1026 2535 1089 2596 235
1112 2533 1329 2613 κωκλιπρώιρρω.

401 2637 495 2699 1093.
529 2631 611 2696 Med.
645 2627 734 2712 εὕρω,
769 2633 822 2697 sed
855 2655 872 2696 a
906 2634 1001 2719 prima
1034 2655 1126 2699 manu
1160 2641 1330 2700 correctum
1358 2633 1442 2713 εὔρις.

240 2738 244 2746 ’
354 2737 458 2803 Schol.
491 2736 577 2803 ἕωκεν
599 2738 635 2809 ὥς
657 2737 731 2801 κύων
754 2737 890 2817 εὑρίσκοι,
911 2737 1067 2818 ἀναζητεῖ,
1092 2740 1126 2803 in
1149 2762 1209 2824 quo
1233 2739 1443 2821 scribendum,

355 2844 465 2929 partim
487 2866 524 2907 ea
544 2840 752 2907 emendatione
775 2840 961 2921 Hermauui,
983 2844 1020 2915 ὥς
1043 2843 1117 2908 κύων
1139 2841 1241 2926 εὔρις
1263 2844 1313 2909 aa}
1335 2844 1443 2925 ἀναζη-

306 3002 310 3009 .
355 2954 425 3013 τεῒν.
471 2947 604 3014 Videtur
625 2945 707 3008 euim
729 2946 877 3030 interpres
899 2945 977 3009 male
995 2945 1032 3010 de
1048 2946 1139 3015 verbo
1151 2948 1266 3028 εὑρίσκω
1278 2948 1444 3034 cogitasse,

355 3071 450 3133 quum
481 3050 518 3114 ad
548 3051 588 3131 ῥίν
616 3050 681 3113 sive
702 3047 742 3129 ῥίς
765 3070 917 3113 recurrere
940 3048 1067 3114 deberet.
1112 3052 1190 3115 Inde
1211 3050 1300 3114 facile
1322 3057 1368 3116 est
1390 3075 1443 3115 ex-

355 3153 488 3238 plicatu,
511 3174 565 3215 cur
585 3149 667 3232 adpro
683 3152 717 3215 in
738 3156 857 3217 textum
881 3152 996 3215 venerit
1018 3174 1073 3236 pro
1092 3154 1179 3232 εὕρω,
1196 3174 1272 3235 quae
1293 3156 1444 3238 posterior

355 3278 424 3320 uera
446 3254 538 3318 lectio
562 3258 615 3316 est

403 3361 497 3422 1125.
520 3353 622 3435 ἄπεχε
643 3363 711 3429 τῆς
731 3354 801 3431 βοὸς
823 3352 872 3417 τὸν
894 3359 1007 3433 uacuae.
1042 3353 1143 3418 Schol.
1167 3352 1284 3436 ἄπεχε]
1323 3356 1383 3429 τίς
1406 3356 1443 3423 ἄν

354 3461 545 3534 ἄρωστήσωεν
567 3459 659 3530 αὐτῆς
671 3455 720 3521 τὸν
732 3454 958 3535 ’epaphram
972 3459 1113 3543 Suspicio
1125 3457 1198 3524 hinc
1210 3459 1286 3525 mihi
1297 3467 1368 3525 nata
1379 3467 1443 3539 est,

355 3562 548 3628 scholiastam
580 3561 690 3647 legisse
724 3558 824 3641 ἄκεχὲ
855 3583 916 3637 τις,
947 3563 967 3625 i.
990 3584 1014 3626 e.
1032 3569 1096 3640 ld,
1125 3564 1263 3648 quiaquia
1293 3587 1339 3643 ec,
1366 3588 1443 3632 arce.

356 3668 396 3732 Iu
416 3666 498 3731 idem
521 3665 608 3729 video
630 3664 777 3728 inci-disse
800 3663 1026 3744 Hermannum,
1049 3666 1130 3731 uude
1152 3690 1214 3731 nou
1237 3668 1366 3753 amphus
1386 3669 1443 3735 du·

291 3844 296 3850 ,
354 3770 438 3848 bito,
470 3772 545 3853 quin
569 3767 662 3834 schol.
686 3770 729 3833 ita
751 3768 869 3853 legerit.
913 3768 960 3833 Of.
984 3770 1011 3834 si
1033 3773 1113 3836 tanti
1138 3769 1249 3835 Mattb.
1274 3772 1291 3854 d
1316 3775 1389 3837 511.
1414 3777 1442 3838 1.

346 3874 441 3941 ‘Idem
464 3874 550 3937 illaru'
570 3874 730 3937 lectionem
753 3870 906 3956 Aeschylo
930 3873 1087 3953 abiudico,
1115 3876 1198 3960 quod
1219 3875 1368 3942 articulus
1391 3876 1442 3943 bic

356 3983 425 4044 ante
448 3977 510 4042 τὸν
533 3982 636 4057 caduca
658 3976 759 4041 abesse
780 3976 895 4059 nequit

403 4086 497 4148 1127.
530 4080 708 4163 Sequuntur
740 4081 769 4145 ἐκ
801 4080 939 4144 πέπλοισι
966 4080 1198 4162 μελωγκέρῳ
1224 4080 1365 4159 nodedun
1385 4108 1442 4161 μκ-

355 4189 512 4267 χωωὶρικτι
535 4184 641 4249 τύπτω
666 4184 785 4267 (manus
808 4183 941 4249 secunda
959 4185 1092 4249 correxit
1111 4184 1324 4271 μελάγκερωκ).
1345 4185 1442 4252 Scho-

356 4290 422 4356 lion
439 4291 570 4376 primum
593 4286 641 4351 τὸν
663 4284 1065 4374 μελάγκερωνζζτωῦρω,
1089 4287 1167 4366 rell,
1190 4290 1372 4359 secundum:
1391 4290 1442 4355 ἐὰν

357 4392 386 4456 δὲ
416 4393 570 4477 γρκφκτκι
600 4388 833 4471 μελαγκέρῳ
862 4391 1063 4469 auxendunum
1089 4390 1210 4467 τύπτει,
1232 4392 1372 4462 durlaci
1393 4416 1442 4457 κε-

355 4497 516 4577 κρυμμένῳ.
562 4496 671 4579 Itaque
700 4514 776 4578 quae
807 4490 984 4558 scholiastae
1006 4492 1132 4580 vulgata
1155 4493 1248 4561 lectio
1269 4500 1332 4574 est,
1353 4516 1372 4560 a
1393 4515 1441 4559 se-
