<?xml version="1.0" encoding="UTF-8"?>
<!DOCTYPE html PUBLIC "-//W3C//DTD XHTML 1.0 Transitional//EN"
    "http://www.w3.org/TR/xhtml1/DTD/xhtml1-transitional.dtd">
<html xmlns="http://www.w3.org/1999/xhtml" xml:lang="en" lang="en">
 <head>
  <title>
</title>
<meta http-equiv="Content-Type" content="text/html;charset=utf-8" />
  <meta name='ocr-system' content='tesseract 3.04.00' />
  <meta name='ocr-capabilities' content='ocr_page ocr_carea ocr_par ocr_line ocrx_word'/>
</head>
<body>
  <div class='ocr_page' id='page_1' title='image "./miscellaneaphil00gymngoog_0071.png"; bbox 0 0 3609 5450; ppageno 0'>
   <div class='ocr_carea' id='block_1_1' title="bbox 815 487 993 546">
    <p class='ocr_par' dir='ltr' id='par_1_1' title="bbox 815 487 993 546">
     <span class='ocr_line' id='line_1_1' title="bbox 815 487 993 546; baseline 0.006 -16"><span class='ocrx_word' id='word_1_1' title='bbox 815 487 993 546; x_wconf 76' lang='lat'>..65-</span> 
     </span>
    </p>
   </div>
   <div class='ocr_carea' id='block_1_2' title="bbox 368 668 1444 754">
    <p class='ocr_par' dir='ltr' id='par_1_2' title="bbox 368 668 1444 754">
     <span class='ocr_line' id='line_1_2' title="bbox 368 668 1444 754; baseline -0.002 -18"><span class='ocrx_word' id='word_1_2' title='bbox 368 669 546 736; x_wconf 84' lang='lat' dir='ltr'>celebratam</span> <span class='ocrx_word' id='word_1_3' title='bbox 575 669 708 734; x_wconf 87' lang='lat' dir='ltr'>veterani</span> <span class='ocrx_word' id='word_1_4' title='bbox 736 668 886 732; x_wconf 86' lang='lat' dir='ltr'>exercitus</span> <span class='ocrx_word' id='word_1_5' title='bbox 908 668 1079 733; x_wconf 82' lang='lat' dir='ltr'>Caesariani</span> <span class='ocrx_word' id='word_1_6' title='bbox 1101 672 1312 754; x_wconf 72' lang='lat' dir='ltr'><strong>praestantiam</strong></span> <span class='ocrx_word' id='word_1_7' title='bbox 1331 669 1444 734; x_wconf 85' lang='lat' dir='ltr'>elevare</span> 
     </span>
    </p>
   </div>
   <div class='ocr_carea' id='block_1_3' title="bbox 366 771 1507 860">
    <p class='ocr_par' dir='ltr' id='par_1_3' title="bbox 366 771 1507 860">
     <span class='ocr_line' id='line_1_3' title="bbox 366 771 1507 860; baseline -0.004 -21"><span class='ocrx_word' id='word_1_8' title='bbox 366 775 469 839; x_wconf 88' lang='lat' dir='ltr'>studet</span> <span class='ocrx_word' id='word_1_9' title='bbox 505 771 650 851; x_wconf 85' lang='lat' dir='ltr'>dicendo,</span> <span class='ocrx_word' id='word_1_10' title='bbox 682 793 744 835; x_wconf 91' lang='lat' dir='ltr'>non</span> <span class='ocrx_word' id='word_1_11' title='bbox 778 793 841 835; x_wconf 89' lang='lat' dir='ltr'>esse</span> <span class='ocrx_word' id='word_1_12' title='bbox 867 771 993 835; x_wconf 89' lang='lat' dir='ltr'>eundem</span> <span class='ocrx_word' id='word_1_13' title='bbox 1017 774 1181 836; x_wconf 82' lang='lat' dir='ltr'>exercitum</span> <span class='ocrx_word' id='word_1_14' title='bbox 1204 795 1239 836; x_wconf 93' lang='lat' dir='ltr'>ac</span> <span class='ocrx_word' id='word_1_15' title='bbox 1261 775 1314 860; x_wconf 90' lang='lat' dir='ltr'>qui</span> <span class='ocrx_word' id='word_1_16' title='bbox 1337 773 1443 838; x_wconf 82' lang='lat' dir='ltr'>Gallos</span> <span class='ocrx_word' id='word_1_17' title='bbox 1504 772 1507 783; x_wconf 86' lang='lat'>&#39;</span> 
     </span>
    </p>
   </div>
   <div class='ocr_carea' id='block_1_4' title="bbox 359 874 1443 2817">
    <p class='ocr_par' dir='ltr' id='par_1_4' title="bbox 360 874 1443 1787">
     <span class='ocr_line' id='line_1_4' title="bbox 363 874 1443 960; baseline 0 -18"><span class='ocrx_word' id='word_1_18' title='bbox 363 884 425 942; x_wconf 89' lang='lat' dir='ltr'>tam</span> <span class='ocrx_word' id='word_1_19' title='bbox 457 897 542 960; x_wconf 81' lang='lat' dir='ltr'>saepe</span> <span class='ocrx_word' id='word_1_20' title='bbox 571 876 702 940; x_wconf 87' lang='lat' dir='ltr'>vicisset.</span> <span class='ocrx_word' id='word_1_21' title='bbox 748 874 866 939; x_wconf 86' lang='lat' dir='ltr'>Multos</span> <span class='ocrx_word' id='word_1_22' title='bbox 898 875 1022 960; x_wconf 86' lang='lat' dir='ltr'>periisse</span> <span class='ocrx_word' id='word_1_23' title='bbox 1044 898 1081 939; x_wconf 85' lang='lat' dir='ltr'>ex</span> <span class='ocrx_word' id='word_1_24' title='bbox 1104 875 1295 955; x_wconf 89' lang='lat' dir='ltr'>vulneribus,</span> <span class='ocrx_word' id='word_1_25' title='bbox 1317 875 1443 953; x_wconf 84' lang='lat' dir='ltr'>morbis,</span> 
     </span>
     <span class='ocr_line' id='line_1_5' title="bbox 362 975 1442 1064; baseline 0 -20"><span class='ocrx_word' id='word_1_26' title='bbox 362 979 541 1064; x_wconf 78' lang='lat' dir='ltr'>fatigatione</span> <span class='ocrx_word' id='word_1_27' title='bbox 570 983 600 1042; x_wconf 87' lang='lat' dir='ltr'>et</span> <span class='ocrx_word' id='word_1_28' title='bbox 622 978 766 1042; x_wconf 90' lang='lat' dir='ltr'>refectum</span> <span class='ocrx_word' id='word_1_29' title='bbox 790 975 910 1062; x_wconf 87' lang='lat' dir='ltr'>quidem</span> <span class='ocrx_word' id='word_1_30' title='bbox 933 978 1099 1042; x_wconf 85' lang='lat' dir='ltr'>exercitum</span> <span class='ocrx_word' id='word_1_31' title='bbox 1123 979 1289 1044; x_wconf 71' lang='lat' dir='ltr'>delentibus</span> <span class='ocrx_word' id='word_1_32' title='bbox 1311 980 1344 1043; x_wconf 93' lang='lat' dir='ltr'>in</span> <span class='ocrx_word' id='word_1_33' title='bbox 1367 981 1442 1044; x_wconf 89' lang='lat' dir='ltr'>cite-</span> 
     </span>
     <span class='ocr_line' id='line_1_6' title="bbox 363 1078 1441 1165; baseline 0.003 -21"><span class='ocrx_word' id='word_1_34' title='bbox 363 1082 442 1145; x_wconf 91' lang='lat' dir='ltr'>riore</span> <span class='ocrx_word' id='word_1_35' title='bbox 471 1080 585 1158; x_wconf 85' lang='lat' dir='ltr'>Gallia,</span> <span class='ocrx_word' id='word_1_36' title='bbox 615 1081 659 1144; x_wconf 86' lang='lat' dir='ltr'>ita</span> <span class='ocrx_word' id='word_1_37' title='bbox 688 1084 723 1144; x_wconf 87' lang='lat' dir='ltr'>ut</span> <span class='ocrx_word' id='word_1_38' title='bbox 742 1079 846 1165; x_wconf 84' lang='lat' dir='ltr'>plenae</span> <span class='ocrx_word' id='word_1_39' title='bbox 868 1078 1007 1144; x_wconf 82' lang='lat' dir='ltr'>cohortes</span> <span class='ocrx_word' id='word_1_40' title='bbox 1029 1085 1129 1146; x_wconf 89' lang='lat' dir='ltr'>essent</span> <span class='ocrx_word' id='word_1_41' title='bbox 1150 1086 1180 1146; x_wconf 92' lang='lat' dir='ltr'>et</span> <span class='ocrx_word' id='word_1_42' title='bbox 1199 1082 1279 1146; x_wconf 90' lang='lat' dir='ltr'>idem</span> <span class='ocrx_word' id='word_1_43' title='bbox 1299 1103 1441 1148; x_wconf 79' lang='lat' dir='ltr'>numenio</span> 
     </span>
     <span class='ocr_line' id='line_1_7' title="bbox 362 1183 1442 1271; baseline 0.001 -22"><span class='ocrx_word' id='word_1_44' title='bbox 362 1185 517 1271; x_wconf 86' lang='lat' dir='ltr'>legionum</span> <span class='ocrx_word' id='word_1_45' title='bbox 540 1187 707 1263; x_wconf 91' lang='lat' dir='ltr'>constaret;</span> <span class='ocrx_word' id='word_1_46' title='bbox 735 1183 830 1247; x_wconf 88' lang='lat' dir='ltr'>fuisse</span> <span class='ocrx_word' id='word_1_47' title='bbox 853 1185 943 1247; x_wconf 91' lang='lat' dir='ltr'>etiam</span> <span class='ocrx_word' id='word_1_48' title='bbox 966 1183 1079 1248; x_wconf 88' lang='lat' dir='ltr'>multos</span> <span class='ocrx_word' id='word_1_49' title='bbox 1100 1190 1256 1250; x_wconf 84' lang='lat' dir='ltr'>veteranos</span> <span class='ocrx_word' id='word_1_50' title='bbox 1279 1185 1312 1250; x_wconf 90' lang='lat' dir='ltr'>in</span> <span class='ocrx_word' id='word_1_51' title='bbox 1335 1187 1442 1251; x_wconf 87' lang='lat' dir='ltr'>castris</span> 
     </span>
     <span class='ocr_line' id='line_1_8' title="bbox 363 1287 1443 1371; baseline 0.002 -20"><span class='ocrx_word' id='word_1_52' title='bbox 363 1287 514 1364; x_wconf 79' lang='lat' dir='ltr'>Caesaris,</span> <span class='ocrx_word' id='word_1_53' title='bbox 552 1309 646 1371; x_wconf 90' lang='lat' dir='ltr'>quum</span> <span class='ocrx_word' id='word_1_54' title='bbox 676 1288 709 1350; x_wconf 90' lang='lat' dir='ltr'>in</span> <span class='ocrx_word' id='word_1_55' title='bbox 738 1287 894 1350; x_wconf 83' lang='lat' dir='ltr'>Graeciam</span> <span class='ocrx_word' id='word_1_56' title='bbox 925 1287 1159 1365; x_wconf 81' lang='lat' dir='ltr'>transmitteret,</span> <span class='ocrx_word' id='word_1_57' title='bbox 1188 1292 1321 1353; x_wconf 88' lang='lat' dir='ltr'>attamen</span> <span class='ocrx_word' id='word_1_58' title='bbox 1351 1288 1443 1354; x_wconf 92' lang='lat' dir='ltr'>robur</span> 
     </span>
     <span class='ocr_line' id='line_1_9' title="bbox 362 1388 1441 1476; baseline 0.001 -21"><span class='ocrx_word' id='word_1_59' title='bbox 362 1391 439 1455; x_wconf 92' lang='lat' dir='ltr'>illud</span> <span class='ocrx_word' id='word_1_60' title='bbox 463 1391 612 1455; x_wconf 85' lang='lat' dir='ltr'>exercitus</span> <span class='ocrx_word' id='word_1_61' title='bbox 634 1390 758 1476; x_wconf 86' lang='lat' dir='ltr'>periisse</span> <span class='ocrx_word' id='word_1_62' title='bbox 781 1388 898 1454; x_wconf 85' lang='lat' dir='ltr'>duobus</span> <span class='ocrx_word' id='word_1_63' title='bbox 922 1390 1043 1476; x_wconf 87' lang='lat' dir='ltr'>proeliis</span> <span class='ocrx_word' id='word_1_64' title='bbox 1059 1390 1097 1454; x_wconf 88' lang='lat' dir='ltr'>ad</span> <span class='ocrx_word' id='word_1_65' title='bbox 1109 1391 1333 1475; x_wconf 84' lang='lat' dir='ltr'>Dyrrhachium</span> <span class='ocrx_word' id='word_1_66' title='bbox 1343 1393 1441 1456; x_wconf 90' lang='lat' dir='ltr'>factis.</span> 
     </span>
     <span class='ocr_line' id='line_1_10' title="bbox 362 1491 1443 1583; baseline 0.003 -27"><span class='ocrx_word' id='word_1_67' title='bbox 362 1494 464 1558; x_wconf 90' lang='lat' dir='ltr'>Verbo</span> <span class='ocrx_word' id='word_1_68' title='bbox 484 1494 559 1558; x_wconf 91' lang='lat' dir='ltr'>duae</span> <span class='ocrx_word' id='word_1_69' title='bbox 581 1516 627 1557; x_wconf 90' lang='lat' dir='ltr'>res</span> <span class='ocrx_word' id='word_1_70' title='bbox 649 1491 737 1579; x_wconf 88' lang='lat' dir='ltr'>plane</span> <span class='ocrx_word' id='word_1_71' title='bbox 761 1493 927 1557; x_wconf 85' lang='lat' dir='ltr'>contrariae</span> <span class='ocrx_word' id='word_1_72' title='bbox 949 1492 977 1556; x_wconf 89' lang='lat' dir='ltr'>h.</span> <span class='ocrx_word' id='word_1_73' title='bbox 1001 1494 1020 1557; x_wconf 91' lang='lat' dir='ltr'>l.</span> <span class='ocrx_word' id='word_1_74' title='bbox 1038 1494 1096 1559; x_wconf 89' lang='lat' dir='ltr'>sibi</span> <span class='ocrx_word' id='word_1_75' title='bbox 1115 1500 1443 1583; x_wconf 88' lang='lat' dir='ltr'>opponuntur,nempe</span> 
     </span>
     <span class='ocr_line' id='line_1_11' title="bbox 362 1598 1442 1687; baseline 0.001 -26"><span class='ocrx_word' id='word_1_76' title='bbox 362 1598 543 1683; x_wconf 85' lang='lat' dir='ltr'>superfuisse</span> <span class='ocrx_word' id='word_1_77' title='bbox 573 1598 657 1681; x_wconf 89' lang='lat' dir='ltr'>prius</span> <span class='ocrx_word' id='word_1_78' title='bbox 680 1600 858 1687; x_wconf 9' lang='lat' dir='ltr'>preteream,</span> <span class='ocrx_word' id='word_1_79' title='bbox 886 1618 969 1660; x_wconf 90' lang='lat' dir='ltr'>nuno</span> <span class='ocrx_word' id='word_1_80' title='bbox 991 1618 1061 1661; x_wconf 87' lang='lat' dir='ltr'>vero</span> <span class='ocrx_word' id='word_1_81' title='bbox 1083 1619 1145 1661; x_wconf 91' lang='lat' dir='ltr'>non</span> <span class='ocrx_word' id='word_1_82' title='bbox 1168 1598 1296 1685; x_wconf 87' lang='lat' dir='ltr'>amplius</span> <span class='ocrx_word' id='word_1_83' title='bbox 1318 1603 1442 1664; x_wconf 84' lang='lat' dir='ltr'>exstare.</span> 
     </span>
     <span class='ocr_line' id='line_1_12' title="bbox 360 1698 1441 1787; baseline 0.002 -23"><span class='ocrx_word' id='word_1_84' title='bbox 360 1701 451 1764; x_wconf 88' lang='lat' dir='ltr'>Unde</span> <span class='ocrx_word' id='word_1_85' title='bbox 472 1703 541 1764; x_wconf 90' lang='lat' dir='ltr'>utra</span> <span class='ocrx_word' id='word_1_86' title='bbox 564 1721 600 1763; x_wconf 83' lang='lat' dir='ltr'>ex</span> <span class='ocrx_word' id='word_1_87' title='bbox 619 1698 778 1785; x_wconf 85' lang='lat' dir='ltr'>particulis</span> <span class='ocrx_word' id='word_1_88' title='bbox 798 1699 936 1785; x_wconf 86' lang='lat' dir='ltr'>eligenda</span> <span class='ocrx_word' id='word_1_89' title='bbox 948 1701 1005 1778; x_wconf 89' lang='lat' dir='ltr'>sit,</span> <span class='ocrx_word' id='word_1_90' title='bbox 1017 1702 1090 1765; x_wconf 90' lang='lat' dir='ltr'>satis</span> <span class='ocrx_word' id='word_1_91' title='bbox 1102 1701 1294 1787; x_wconf 91' lang='lat' dir='ltr'>perspicuum</span> <span class='ocrx_word' id='word_1_92' title='bbox 1306 1701 1441 1766; x_wconf 86' lang='lat' dir='ltr'>arbitror.</span> 
     </span>
    </p>

    <p class='ocr_par' dir='ltr' id='par_1_5' title="bbox 361 1802 1442 1991">
     <span class='ocr_line' id='line_1_13' title="bbox 406 1802 1442 1888; baseline 0.002 -22"><span class='ocrx_word' id='word_1_93' title='bbox 406 1802 479 1887; x_wconf 87' lang='lat' dir='ltr'>Cap.</span> <span class='ocrx_word' id='word_1_94' title='bbox 503 1806 553 1866; x_wconf 86' lang='lat'>38.</span> <span class='ocrx_word' id='word_1_95' title='bbox 577 1806 608 1866; x_wconf 78' lang='lat'>4.</span> <span class='ocrx_word' id='word_1_96' title='bbox 651 1803 747 1867; x_wconf 83' lang='lat' dir='ltr'>Recte</span> <span class='ocrx_word' id='word_1_97' title='bbox 776 1803 982 1888; x_wconf 85' lang='lat' dir='ltr'>Nipperde&#39;r&#39;us</span> <span class='ocrx_word' id='word_1_98' title='bbox 1005 1802 1079 1868; x_wconf 90' lang='lat' dir='ltr'>haec</span> <span class='ocrx_word' id='word_1_99' title='bbox 1103 1803 1190 1869; x_wconf 89' lang='lat' dir='ltr'>verba</span> <span class='ocrx_word' id='word_1_100' title='bbox 1212 1806 1288 1870; x_wconf 85' lang='lat' dir='ltr'>vitio</span> <span class='ocrx_word' id='word_1_101' title='bbox 1307 1804 1442 1871; x_wconf 88' lang='lat' dir='ltr'>laborare</span> 
     </span>
     <span class='ocr_line' id='line_1_14' title="bbox 361 1906 1407 1991; baseline -0.003 -22"><span class='ocrx_word' id='word_1_102' title='bbox 361 1906 456 1969; x_wconf 78' lang='lat' dir='ltr'>dicii:</span> <span class='ocrx_word' id='word_1_103' title='bbox 835 1930 841 1965; x_wconf 88' lang='lat' dir='ltr'>r</span> <span class='ocrx_word' id='word_1_104' title='bbox 1404 1986 1407 1991; x_wconf 32' lang='grc' dir='ltr'>Ι</span> 
     </span>
    </p>

    <p class='ocr_par' dir='ltr' id='par_1_6' title="bbox 359 2010 1443 2817">
     <span class='ocr_line' id='line_1_15' title="bbox 407 2010 1442 2095; baseline 0.001 -22"><span class='ocrx_word' id='word_1_105' title='bbox 407 2011 528 2093; x_wconf 81' lang='lat' dir='ltr'>“Serpio</span> <span class='ocrx_word' id='word_1_106' title='bbox 555 2010 796 2094; x_wconf 75' lang='lat' dir='ltr'>adaequandum</span> <span class='ocrx_word' id='word_1_107' title='bbox 814 2016 947 2094; x_wconf 83' lang='lat' dir='ltr'>paratas</span> <span class='ocrx_word' id='word_1_108' title='bbox 969 2011 1136 2094; x_wconf 82' lang='lat' dir='ltr'>eqnitatnrn</span> <span class='ocrx_word' id='word_1_109' title='bbox 1157 2031 1350 2095; x_wconf 80' lang='lat' dir='ltr'>raapnanqne</span> <span class='ocrx_word' id='word_1_110' title='bbox 1365 2032 1442 2094; x_wconf 85' lang='lat' dir='ltr'>par·</span> 
     </span>
     <span class='ocr_line' id='line_1_16' title="bbox 360 2113 1442 2197; baseline 0.001 -21"><span class='ocrx_word' id='word_1_111' title='bbox 360 2121 418 2177; x_wconf 85' lang='lat' dir='ltr'>tern</span> <span class='ocrx_word' id='word_1_112' title='bbox 451 2114 525 2177; x_wconf 81' lang='lat' dir='ltr'>teris</span> <span class='ocrx_word' id='word_1_113' title='bbox 554 2119 727 2176; x_wconf 86' lang='lat' dir='ltr'>arnatnrae</span> <span class='ocrx_word' id='word_1_114' title='bbox 756 2114 798 2176; x_wconf 80' lang='lat' dir='ltr'>ari</span> <span class='ocrx_word' id='word_1_115' title='bbox 819 2114 1032 2197; x_wconf 75' lang='lat' dir='ltr'>explorandam</span> <span class='ocrx_word' id='word_1_116' title='bbox 1054 2113 1114 2176; x_wconf 88' lang='lat' dir='ltr'>iter</span> <span class='ocrx_word' id='word_1_117' title='bbox 1135 2114 1265 2177; x_wconf 85' lang='lat' dir='ltr'>Domitii</span> <span class='ocrx_word' id='word_1_118' title='bbox 1287 2120 1316 2177; x_wconf 87' lang='lat' dir='ltr'>et</span> <span class='ocrx_word' id='word_1_119' title='bbox 1338 2135 1442 2197; x_wconf 79' lang='lat' dir='ltr'>repne-</span> 
     </span>
     <span class='ocr_line' id='line_1_17' title="bbox 359 2217 1442 2303; baseline 0.001 -23"><span class='ocrx_word' id='word_1_120' title='bbox 359 2219 497 2280; x_wconf 80' lang='lat' dir='ltr'>scenaiarn</span> <span class='ocrx_word' id='word_1_121' title='bbox 525 2217 695 2301; x_wconf 76' lang='lat' dir='ltr'>praemisit.</span> <span class='ocrx_word' id='word_1_122' title='bbox 743 2218 802 2287; x_wconf 75' lang='lat' dir='ltr'>tini</span> <span class='ocrx_word' id='word_1_123' title='bbox 842 2240 932 2302; x_wconf 85' lang='lat' dir='ltr'>qnam</span> <span class='ocrx_word' id='word_1_124' title='bbox 965 2222 1062 2279; x_wconf 74' lang='lat' dir='ltr'>meent</span> <span class='ocrx_word' id='word_1_125' title='bbox 1092 2217 1242 2300; x_wconf 81' lang='lat' dir='ltr'>propreasi</span> <span class='ocrx_word' id='word_1_126' title='bbox 1268 2219 1442 2303; x_wconf 77' lang='lat' dir='ltr'>primaeque</span> 
     </span>
     <span class='ocr_line' id='line_1_18' title="bbox 362 2320 1442 2405; baseline -0.002 -20"><span class='ocrx_word' id='word_1_127' title='bbox 362 2328 479 2385; x_wconf 80' lang='lat' dir='ltr'>tannae</span> <span class='ocrx_word' id='word_1_128' title='bbox 501 2321 632 2384; x_wconf 79' lang='lat' dir='ltr'>irnidias</span> <span class='ocrx_word' id='word_1_129' title='bbox 653 2322 867 2399; x_wconf 69' lang='lat' dir='ltr'>inbreviarent,</span> <span class='ocrx_word' id='word_1_130' title='bbox 891 2343 927 2383; x_wconf 81' lang='lat' dir='ltr'>ea</span> <span class='ocrx_word' id='word_1_131' title='bbox 938 2320 1077 2404; x_wconf 77' lang='lat' dir='ltr'>fremitu</span> <span class='ocrx_word' id='word_1_132' title='bbox 1099 2342 1238 2405; x_wconf 84' lang='lat' dir='ltr'>eqnornn</span> <span class='ocrx_word' id='word_1_133' title='bbox 1259 2321 1353 2384; x_wconf 81' lang='lat' dir='ltr'>illata</span> <span class='ocrx_word' id='word_1_134' title='bbox 1375 2342 1442 2385; x_wconf 86' lang='lat' dir='ltr'>sas·</span> 
     </span>
     <span class='ocr_line' id='line_1_19' title="bbox 360 2425 1443 2509; baseline -0.001 -20"><span class='ocrx_word' id='word_1_135' title='bbox 360 2427 492 2507; x_wconf 87' lang='lat' dir='ltr'>spicione</span> <span class='ocrx_word' id='word_1_136' title='bbox 515 2425 557 2488; x_wconf 84' lang='lat' dir='ltr'>ad</span> <span class='ocrx_word' id='word_1_137' title='bbox 577 2446 646 2488; x_wconf 83' lang='lat' dir='ltr'>eaor</span> <span class='ocrx_word' id='word_1_138' title='bbox 667 2446 699 2487; x_wconf 85' lang='lat' dir='ltr'>ae</span> <span class='ocrx_word' id='word_1_139' title='bbox 721 2427 849 2508; x_wconf 68' lang='lat' dir='ltr'>reaiaere</span> <span class='ocrx_word' id='word_1_140' title='bbox 871 2430 1043 2507; x_wconf 87' lang='lat' dir='ltr'>coeperant,</span> <span class='ocrx_word' id='word_1_141' title='bbox 1066 2425 1443 2509; x_wconf 77' lang='lat' dir='ltr'>qniqnehosseqnebantnr</span> 
     </span>
     <span class='ocr_line' id='line_1_20' title="bbox 359 2528 1443 2613; baseline -0.002 -19"><span class='ocrx_word' id='word_1_142' title='bbox 359 2531 481 2594; x_wconf 84' lang='lat' dir='ltr'>celerem</span> <span class='ocrx_word' id='word_1_143' title='bbox 505 2551 602 2593; x_wconf 85' lang='lat' dir='ltr'>eornm</span> <span class='ocrx_word' id='word_1_144' title='bbox 623 2536 771 2613; x_wconf 85' lang='lat' dir='ltr'>receptam</span> <span class='ocrx_word' id='word_1_145' title='bbox 793 2529 958 2612; x_wconf 81' lang='lat' dir='ltr'>conspirati</span> <span class='ocrx_word' id='word_1_146' title='bbox 979 2530 1163 2593; x_wconf 80' lang='lat' dir='ltr'>restiterant.</span> <span class='ocrx_word' id='word_1_147' title='bbox 1195 2528 1306 2593; x_wconf 83' lang='lat' dir='ltr'>Nostri</span> <span class='ocrx_word' id='word_1_148' title='bbox 1315 2529 1443 2613; x_wconf 83' lang='lat' dir='ltr'>capnitis</span> 
     </span>
     <span class='ocr_line' id='line_1_21' title="bbox 360 2633 1441 2718; baseline -0.002 -22"><span class='ocrx_word' id='word_1_149' title='bbox 360 2635 502 2709; x_wconf 81' lang='lat' dir='ltr'>insidiis,</span> <span class='ocrx_word' id='word_1_150' title='bbox 524 2655 561 2695; x_wconf 90' lang='lat' dir='ltr'>ne</span> <span class='ocrx_word' id='word_1_151' title='bbox 573 2634 703 2714; x_wconf 83' lang='lat' dir='ltr'>frastra</span> <span class='ocrx_word' id='word_1_152' title='bbox 724 2633 855 2718; x_wconf 79' lang='lat' dir='ltr'>reliqnoa</span> <span class='ocrx_word' id='word_1_153' title='bbox 877 2638 1093 2715; x_wconf 74' lang='lat' dir='ltr'>exspectarent,</span> <span class='ocrx_word' id='word_1_154' title='bbox 1116 2633 1193 2698; x_wconf 82' lang='lat' dir='ltr'>dnos</span> <span class='ocrx_word' id='word_1_155' title='bbox 1212 2634 1296 2696; x_wconf 86' lang='lat' dir='ltr'>nacti</span> <span class='ocrx_word' id='word_1_156' title='bbox 1311 2633 1441 2696; x_wconf 80' lang='lat' dir='ltr'>bostiam</span> 
     </span>
     <span class='ocr_line' id='line_1_22' title="bbox 360 2733 698 2817; baseline -0.009 -17"><span class='ocrx_word' id='word_1_157' title='bbox 360 2746 476 2800; x_wconf 80' lang='lat' dir='ltr'>termas</span> <span class='ocrx_word' id='word_1_158' title='bbox 499 2733 698 2817; x_wconf 79' lang='lat' dir='ltr'>eaeepernnt.”</span> 
     </span>
    </p>
   </div>
   <div class='ocr_carea' id='block_1_5' title="bbox 405 2836 1526 2925">
    <p class='ocr_par' dir='ltr' id='par_1_7' title="bbox 405 2836 1526 2925">
     <span class='ocr_line' id='line_1_23' title="bbox 405 2836 1526 2925; baseline 0 -23"><span class='ocrx_word' id='word_1_159' title='bbox 405 2840 444 2902; x_wconf 87' lang='lat' dir='ltr'>In</span> <span class='ocrx_word' id='word_1_160' title='bbox 465 2838 514 2902; x_wconf 88' lang='lat' dir='ltr'>bis</span> <span class='ocrx_word' id='word_1_161' title='bbox 537 2837 636 2901; x_wconf 82' lang='lat' dir='ltr'>“teria</span> <span class='ocrx_word' id='word_1_162' title='bbox 655 2836 847 2901; x_wconf 77' lang='lat' dir='ltr'>arnatnra0&#39;&#39;</span> <span class='ocrx_word' id='word_1_163' title='bbox 870 2844 901 2902; x_wconf 90' lang='lat' dir='ltr'>et</span> <span class='ocrx_word' id='word_1_164' title='bbox 925 2838 1032 2925; x_wconf 84' lang='lat' dir='ltr'>copula</span> <span class='ocrx_word' id='word_1_165' title='bbox 1053 2837 1154 2923; x_wconf 79' lang='lat' dir='ltr'>“qne&#39;&#39;</span> <span class='ocrx_word' id='word_1_166' title='bbox 1172 2843 1242 2924; x_wconf 90' lang='lat' dir='ltr'>post</span> <span class='ocrx_word' id='word_1_167' title='bbox 1258 2836 1440 2921; x_wconf 73' lang='lat' dir='ltr'>“scapnam&#39;&#39;</span> <span class='ocrx_word' id='word_1_168' title='bbox 1522 2893 1526 2902; x_wconf 94' lang='lat'><em>.</em></span> 
     </span>
    </p>
   </div>
   <div class='ocr_carea' id='block_1_6' title="bbox 357 2941 1440 3958">
    <p class='ocr_par' dir='ltr' id='par_1_8' title="bbox 357 2941 1440 3856">
     <span class='ocr_line' id='line_1_24' title="bbox 359 2941 1438 3030; baseline -0.001 -25"><span class='ocrx_word' id='word_1_169' title='bbox 359 2944 459 3030; x_wconf 90' lang='lat' dir='ltr'>posita</span> <span class='ocrx_word' id='word_1_170' title='bbox 481 2942 676 3020; x_wconf 85' lang='lat' dir='ltr'>damnantur,</span> <span class='ocrx_word' id='word_1_171' title='bbox 696 2941 777 3026; x_wconf 89' lang='lat' dir='ltr'>quod</span> <span class='ocrx_word' id='word_1_172' title='bbox 800 2942 833 3005; x_wconf 94' lang='lat' dir='ltr'>in</span> <span class='ocrx_word' id='word_1_173' title='bbox 855 2941 950 3007; x_wconf 91' lang='lat' dir='ltr'>nullis</span> <span class='ocrx_word' id='word_1_174' title='bbox 973 2942 1131 3006; x_wconf 88' lang='lat' dir='ltr'>codicibus</span> <span class='ocrx_word' id='word_1_175' title='bbox 1153 2946 1311 3027; x_wconf 90' lang='lat' dir='ltr'>apparent,</span> <span class='ocrx_word' id='word_1_176' title='bbox 1332 2941 1438 3025; x_wconf 85' lang='lat' dir='ltr'>“eqni-</span> 
     </span>
     <span class='ocr_line' id='line_1_25' title="bbox 359 3044 1440 3132; baseline -0.002 -21"><span class='ocrx_word' id='word_1_177' title='bbox 359 3044 473 3111; x_wconf 81' lang='lat' dir='ltr'>tatnrn&#39;’</span> <span class='ocrx_word' id='word_1_178' title='bbox 507 3067 544 3111; x_wconf 86' lang='lat' dir='ltr'>ex</span> <span class='ocrx_word' id='word_1_179' title='bbox 577 3044 760 3129; x_wconf 80' lang='lat' dir='ltr'>“equitnm&#39;&#39;,</span> <span class='ocrx_word' id='word_1_180' title='bbox 786 3050 822 3110; x_wconf 87' lang='lat' dir='ltr'>ut</span> <span class='ocrx_word' id='word_1_181' title='bbox 856 3067 958 3132; x_wconf 90' lang='lat' dir='ltr'>saepe,</span> <span class='ocrx_word' id='word_1_182' title='bbox 991 3048 1165 3130; x_wconf 87' lang='lat' dir='ltr'>corruptum</span> <span class='ocrx_word' id='word_1_183' title='bbox 1195 3048 1349 3124; x_wconf 88' lang='lat' dir='ltr'>censetur;</span> <span class='ocrx_word' id='word_1_184' title='bbox 1380 3065 1440 3109; x_wconf 80' lang='lat' dir='ltr'>vox</span> 
     </span>
     <span class='ocr_line' id='line_1_26' title="bbox 358 3145 1440 3235; baseline -0.002 -22"><span class='ocrx_word' id='word_1_185' title='bbox 358 3145 528 3213; x_wconf 79' lang='lat' dir='ltr'>“tortian&#39;&#39;</span> <span class='ocrx_word' id='word_1_186' title='bbox 550 3148 583 3212; x_wconf 93' lang='lat' dir='ltr'>in</span> <span class='ocrx_word' id='word_1_187' title='bbox 605 3148 722 3227; x_wconf 84' lang='lat' dir='ltr'>locum,</span> <span class='ocrx_word' id='word_1_188' title='bbox 746 3170 806 3234; x_wconf 90' lang='lat' dir='ltr'>quo</span> <span class='ocrx_word' id='word_1_189' title='bbox 829 3171 912 3213; x_wconf 90' lang='lat' dir='ltr'>nunc</span> <span class='ocrx_word' id='word_1_190' title='bbox 934 3149 1060 3235; x_wconf 82' lang='lat' dir='ltr'>legitur,</span> <span class='ocrx_word' id='word_1_191' title='bbox 1082 3147 1227 3212; x_wconf 86' lang='lat' dir='ltr'>translata</span> <span class='ocrx_word' id='word_1_192' title='bbox 1249 3153 1295 3213; x_wconf 91' lang='lat' dir='ltr'>est</span> <span class='ocrx_word' id='word_1_193' title='bbox 1320 3170 1358 3212; x_wconf 83' lang='lat' dir='ltr'>cx</span> <span class='ocrx_word' id='word_1_194' title='bbox 1384 3169 1440 3235; x_wconf 93' lang='lat' dir='ltr'>po-</span> 
     </span>
     <span class='ocr_line' id='line_1_27' title="bbox 357 3251 1438 3337; baseline -0.004 -19"><span class='ocrx_word' id='word_1_195' title='bbox 357 3254 480 3318; x_wconf 90' lang='lat' dir='ltr'>steriore</span> <span class='ocrx_word' id='word_1_196' title='bbox 498 3252 664 3328; x_wconf 87' lang='lat' dir='ltr'>sententia,</span> <span class='ocrx_word' id='word_1_197' title='bbox 679 3252 784 3336; x_wconf 89' lang='lat' dir='ltr'>inqua</span> <span class='ocrx_word' id='word_1_198' title='bbox 796 3252 943 3317; x_wconf 87' lang='lat' dir='ltr'>collocata</span> <span class='ocrx_word' id='word_1_199' title='bbox 958 3257 1021 3317; x_wconf 89' lang='lat' dir='ltr'>erat</span> <span class='ocrx_word' id='word_1_200' title='bbox 1032 3253 1112 3317; x_wconf 89' lang='lat' dir='ltr'>inter</span> <span class='ocrx_word' id='word_1_201' title='bbox 1123 3251 1250 3334; x_wconf 77' lang='lat' dir='ltr'>capnitis</span> <span class='ocrx_word' id='word_1_202' title='bbox 1261 3256 1351 3337; x_wconf 86' lang='lat' dir='ltr'>atque</span> <span class='ocrx_word' id='word_1_203' title='bbox 1361 3251 1438 3315; x_wconf 85' lang='lat' dir='ltr'>insi·</span> 
     </span>
     <span class='ocr_line' id='line_1_28' title="bbox 358 3354 1438 3441; baseline -0.001 -21"><span class='ocrx_word' id='word_1_204' title='bbox 358 3357 428 3421; x_wconf 87' lang='lat' dir='ltr'>diis.</span> <span class='ocrx_word' id='word_1_205' title='bbox 463 3356 522 3419; x_wconf 83' lang='lat' dir='ltr'>Sed</span> <span class='ocrx_word' id='word_1_206' title='bbox 537 3355 600 3438; x_wconf 86' lang='lat' dir='ltr'>jam</span> <span class='ocrx_word' id='word_1_207' title='bbox 619 3360 689 3420; x_wconf 86' lang='lat' dir='ltr'>ante</span> <span class='ocrx_word' id='word_1_208' title='bbox 704 3355 924 3441; x_wconf 88' lang='lat' dir='ltr'>Nipperde&#39;r&#39;um</span> <span class='ocrx_word' id='word_1_209' title='bbox 935 3355 1007 3421; x_wconf 88' lang='lat' dir='ltr'>haec</span> <span class='ocrx_word' id='word_1_210' title='bbox 1018 3355 1268 3421; x_wconf 85' lang='lat' dir='ltr'>omniaaVossio</span> <span class='ocrx_word' id='word_1_211' title='bbox 1279 3354 1438 3420; x_wconf 88' lang='lat' dir='ltr'>intellecta</span> 
     </span>
     <span class='ocr_line' id='line_1_29' title="bbox 358 3457 1437 3546; baseline 0.001 -23"><span class='ocrx_word' id='word_1_212' title='bbox 358 3465 389 3523; x_wconf 88' lang='lat' dir='ltr'>et</span> <span class='ocrx_word' id='word_1_213' title='bbox 411 3458 533 3541; x_wconf 84' lang='lat' dir='ltr'>vulgata</span> <span class='ocrx_word' id='word_1_214' title='bbox 555 3461 635 3519; x_wconf 88' lang='lat' dir='ltr'>sunt.</span> <span class='ocrx_word' id='word_1_215' title='bbox 679 3457 855 3536; x_wconf 87' lang='lat' dir='ltr'>Praeterea,</span> <span class='ocrx_word' id='word_1_216' title='bbox 877 3481 961 3546; x_wconf 67' lang='lat' dir='ltr'>puae</span> <span class='ocrx_word' id='word_1_217' title='bbox 982 3463 1118 3524; x_wconf 89' lang='lat' dir='ltr'>nostrum</span> <span class='ocrx_word' id='word_1_218' title='bbox 1141 3458 1243 3524; x_wconf 88' lang='lat' dir='ltr'>locum</span> <span class='ocrx_word' id='word_1_219' title='bbox 1265 3459 1437 3546; x_wconf 84' lang='lat' dir='ltr'>excipiunt,</span> 
     </span>
     <span class='ocr_line' id='line_1_30' title="bbox 358 3556 1438 3643; baseline 0.002 -18"><span class='ocrx_word' id='word_1_220' title='bbox 358 3561 448 3625; x_wconf 88' lang='lat' dir='ltr'>uncis</span> <span class='ocrx_word' id='word_1_221' title='bbox 466 3556 595 3622; x_wconf 88' lang='lat' dir='ltr'>inclusit</span> <span class='ocrx_word' id='word_1_222' title='bbox 611 3558 828 3642; x_wconf 82' lang='lat' dir='ltr'>Nipperde&#39;r&#39;us3</span> <span class='ocrx_word' id='word_1_223' title='bbox 849 3562 1049 3643; x_wconf 85' lang='lat' dir='ltr'>quodminus</span> <span class='ocrx_word' id='word_1_224' title='bbox 1066 3565 1147 3638; x_wconf 89' lang='lat' dir='ltr'>recte</span> <span class='ocrx_word' id='word_1_225' title='bbox 1161 3562 1277 3628; x_wconf 80' lang='lat' dir='ltr'>factum</span> <span class='ocrx_word' id='word_1_226' title='bbox 1295 3562 1438 3640; x_wconf 84' lang='lat' dir='ltr'>arbitror,</span> 
     </span>
     <span class='ocr_line' id='line_1_31' title="bbox 358 3660 1438 3751; baseline 0.004 -24"><span class='ocrx_word' id='word_1_227' title='bbox 358 3667 514 3751; x_wconf 83' lang='lat' dir='ltr'>propterea</span> <span class='ocrx_word' id='word_1_228' title='bbox 543 3660 623 3746; x_wconf 91' lang='lat' dir='ltr'>quod</span> <span class='ocrx_word' id='word_1_229' title='bbox 652 3660 697 3723; x_wconf 88' lang='lat' dir='ltr'>ita</span> <span class='ocrx_word' id='word_1_230' title='bbox 725 3660 810 3725; x_wconf 88' lang='lat' dir='ltr'>nulla</span> <span class='ocrx_word' id='word_1_231' title='bbox 832 3682 892 3725; x_wconf 85' lang='lat' dir='ltr'>vox</span> <span class='ocrx_word' id='word_1_232' title='bbox 914 3662 1113 3747; x_wconf 84' lang='lat' dir='ltr'>relinquitur,</span> <span class='ocrx_word' id='word_1_233' title='bbox 1140 3664 1289 3749; x_wconf 83' lang='lat' dir='ltr'>adquam</span> <span class='ocrx_word' id='word_1_234' title='bbox 1311 3685 1438 3749; x_wconf 83' lang='lat' dir='ltr'>sequeus</span> 
     </span>
     <span class='ocr_line' id='line_1_32' title="bbox 360 3762 1415 3856; baseline 0.003 -26"><span class='ocrx_word' id='word_1_235' title='bbox 360 3763 529 3852; x_wconf 78' lang='lat' dir='ltr'>“reliquos&#39;&#39;</span> <span class='ocrx_word' id='word_1_236' title='bbox 551 3764 709 3852; x_wconf 83' lang='lat' dir='ltr'>pertineat.</span> <span class='ocrx_word' id='word_1_237' title='bbox 754 3762 854 3828; x_wconf 84' lang='lat' dir='ltr'>Verba</span> <span class='ocrx_word' id='word_1_238' title='bbox 875 3764 972 3851; x_wconf 87' lang='lat' dir='ltr'>igitur</span> <span class='ocrx_word' id='word_1_239' title='bbox 993 3766 1038 3830; x_wconf 87' lang='lat' dir='ltr'>ita</span> <span class='ocrx_word' id='word_1_240' title='bbox 1060 3768 1134 3830; x_wconf 89' lang='lat' dir='ltr'>sunt</span> <span class='ocrx_word' id='word_1_241' title='bbox 1155 3765 1415 3856; x_wconf 78' lang='lat' dir='ltr'>interpungends:</span> 
     </span>
    </p>

    <p class='ocr_par' dir='ltr' id='par_1_9' title="bbox 404 3868 1439 3958">
     <span class='ocr_line' id='line_1_33' title="bbox 404 3868 1439 3958; baseline 0.002 -24"><span class='ocrx_word' id='word_1_242' title='bbox 404 3871 516 3934; x_wconf 84' lang='lat' dir='ltr'>“Dnaa</span> <span class='ocrx_word' id='word_1_243' title='bbox 559 3868 642 3931; x_wconf 87' lang='lat' dir='ltr'>nacti</span> <span class='ocrx_word' id='word_1_244' title='bbox 674 3868 804 3933; x_wconf 78' lang='lat' dir='ltr'>hostiam</span> <span class='ocrx_word' id='word_1_245' title='bbox 836 3873 950 3932; x_wconf 69' lang='lat' dir='ltr'>nnn</span> <span class='ocrx_word' id='word_1_246' title='bbox 987 3875 1182 3950; x_wconf 60' lang='lat' dir='ltr'>asamar:</span> <span class='ocrx_word' id='word_1_247' title='bbox 1218 3870 1254 3936; x_wconf 80' lang='lat' dir='ltr'>is</span> <span class='ocrx_word' id='word_1_248' title='bbox 1290 3871 1340 3936; x_wconf 71' lang='lat' dir='ltr'>hir</span> <span class='ocrx_word' id='word_1_249' title='bbox 1361 3871 1439 3958; x_wconf 66' lang='grc' dir='ltr'><em>Μ</em></span> 
     </span>
    </p>
   </div>
   <div class='ocr_carea' id='block_1_7' title="bbox 360 3925 1623 4068">
    <p class='ocr_par' dir='ltr' id='par_1_10' title="bbox 360 3925 1623 4068">
     <span class='ocr_line' id='line_1_34' title="bbox 360 3925 1623 4068; baseline 0.002 -30"><span class='ocrx_word' id='word_1_250' title='bbox 360 3976 407 4039; x_wconf 89' lang='grc' dir='ltr'>Μ.</span> <span class='ocrx_word' id='word_1_251' title='bbox 434 3975 585 4057; x_wconf 80' lang='lat' dir='ltr'>Opimius,</span> <span class='ocrx_word' id='word_1_252' title='bbox 604 3973 780 4053; x_wconf 76' lang='lat' dir='ltr'>praefectus</span> <span class='ocrx_word' id='word_1_253' title='bbox 801 3973 942 4058; x_wconf 73' lang='lat' dir='ltr'>equitnm,</span> <span class='ocrx_word' id='word_1_254' title='bbox 963 3971 1110 4060; x_wconf 65' lang='lat' dir='ltr'>Reliquos</span> <span class='ocrx_word' id='word_1_255' title='bbox 1131 3995 1229 4040; x_wconf 74' lang='lat' dir='ltr'>cm</span> <span class='ocrx_word' id='word_1_256' title='bbox 1250 3995 1352 4040; x_wconf 70' lang='lat' dir='ltr'>m</span> <span class='ocrx_word' id='word_1_257' title='bbox 1371 3979 1441 4046; x_wconf 64' lang='lat' dir='ltr'>ran.</span> <span class='ocrx_word' id='word_1_258' title='bbox 1550 3925 1588 4068; x_wconf 22' lang='lat' dir='ltr'>&#39;aa</span> <span class='ocrx_word' id='word_1_259' title='bbox 1621 3935 1623 3942; x_wconf 28' lang='grc' dir='ltr'>Ι</span> 
     </span>
    </p>
   </div>
   <div class='ocr_carea' id='block_1_8' title="bbox 359 4074 1438 4174">
    <p class='ocr_par' dir='ltr' id='par_1_11' title="bbox 359 4074 1438 4174">
     <span class='ocr_line' id='line_1_35' title="bbox 359 4074 1438 4174; baseline 0.001 -33"><span class='ocrx_word' id='word_1_260' title='bbox 359 4100 474 4141; x_wconf 81' lang='lat' dir='ltr'>marana</span> <span class='ocrx_word' id='word_1_261' title='bbox 496 4084 551 4140; x_wconf 87' lang='lat' dir='ltr'>ant</span> <span class='ocrx_word' id='word_1_262' title='bbox 572 4074 811 4162; x_wconf 79' lang='lat' dir='ltr'>interfecerant”</span> <span class='ocrx_word' id='word_1_263' title='bbox 833 4075 917 4161; x_wconf 86' lang='lat' dir='ltr'>reliq.</span> <span class='ocrx_word' id='word_1_264' title='bbox 947 4076 1017 4142; x_wconf 85' lang='lat' dir='ltr'>Hoc</span> <span class='ocrx_word' id='word_1_265' title='bbox 1039 4077 1129 4144; x_wconf 86' lang='lat' dir='ltr'>modo</span> <span class='ocrx_word' id='word_1_266' title='bbox 1150 4077 1243 4174; x_wconf 79' lang='lat' dir='ltr'>solus</span> <span class='ocrx_word' id='word_1_267' title='bbox 1256 4077 1438 4168; x_wconf 59' lang='lat' dir='ltr'>Opimam</span> 
     </span>
    </p>
   </div>
   <div class='ocr_carea' id='block_1_9' title="bbox 359 4175 1480 4268">
    <p class='ocr_par' dir='ltr' id='par_1_12' title="bbox 359 4165 1480 4268">
     <span class='ocr_line' id='line_1_36' title="bbox 359 4175 1480 4268; baseline -0.028 -21"><span class='ocrx_word' id='word_1_268' title='bbox 359 4181 485 4266; x_wconf 89' lang='lat' dir='ltr'>reliquis</span> <span class='ocrx_word' id='word_1_269' title='bbox 507 4179 662 4264; x_wconf 89' lang='lat' dir='ltr'>equitibus</span> <span class='ocrx_word' id='word_1_270' title='bbox 685 4179 903 4266; x_wconf 86' lang='lat' dir='ltr'>distinguitur,</span> <span class='ocrx_word' id='word_1_271' title='bbox 925 4181 961 4244; x_wconf 87' lang='lat' dir='ltr'>ut</span> <span class='ocrx_word' id='word_1_272' title='bbox 982 4183 1099 4266; x_wconf 76' lang='lat' dir='ltr'>praeter</span> <span class='ocrx_word' id='word_1_273' title='bbox 1117 4201 1188 4248; x_wconf 69' lang='lat' dir='ltr'>m</span> <span class='ocrx_word' id='word_1_274' title='bbox 1210 4175 1438 4268; x_wconf 59' lang='lat' dir='ltr'>mm</span> <span class='ocrx_word' id='word_1_275' title='bbox 1476 4253 1480 4262; x_wconf 32' lang='grc' dir='ltr'>Ι</span> 
     </span>
    </p>
   </div>
   <div class='ocr_carea' id='block_1_10' title="bbox 359 4282 1437 4378">
    <p class='ocr_par' dir='ltr' id='par_1_13' title="bbox 359 4267 1437 4378">
     <span class='ocr_line' id='line_1_37' title="bbox 359 4282 1437 4378; baseline 0.004 -29"><span class='ocrx_word' id='word_1_276' title='bbox 359 4290 413 4350; x_wconf 89' lang='lat' dir='ltr'>aut</span> <span class='ocrx_word' id='word_1_277' title='bbox 436 4284 621 4369; x_wconf 81' lang='lat' dir='ltr'>captivitatis</span> <span class='ocrx_word' id='word_1_278' title='bbox 644 4287 755 4348; x_wconf 89' lang='lat' dir='ltr'>sortem</span> <span class='ocrx_word' id='word_1_279' title='bbox 777 4282 935 4349; x_wconf 85' lang='lat' dir='ltr'>subierint.</span> <span class='ocrx_word' id='word_1_280' title='bbox 979 4283 1060 4350; x_wconf 77' lang='lat' dir='ltr'>Nem</span> <span class='ocrx_word' id='word_1_281' title='bbox 1082 4283 1437 4378; x_wconf 57' lang='grc' dir='ltr'>ᾳωᾷ,·ι]ω,μώε,</span> 
     </span>
    </p>
   </div>
   <div class='ocr_carea' id='block_1_11' title="bbox 359 4379 1506 4578">
    <p class='ocr_par' dir='ltr' id='par_1_14' title="bbox 359 4379 1506 4578">
     <span class='ocr_line' id='line_1_38' title="bbox 359 4379 1436 4474; baseline -0.002 -20"><span class='ocrx_word' id='word_1_282' title='bbox 359 4389 459 4455; x_wconf 82' lang='lat' dir='ltr'>voluit</span> <span class='ocrx_word' id='word_1_283' title='bbox 482 4386 669 4473; x_wconf 85' lang='lat' dir='ltr'>Heraogius,</span> <span class='ocrx_word' id='word_1_284' title='bbox 690 4392 727 4450; x_wconf 90' lang='lat' dir='ltr'>ut</span> <span class='ocrx_word' id='word_1_285' title='bbox 748 4408 800 4473; x_wconf 88' lang='lat' dir='ltr'>per</span> <span class='ocrx_word' id='word_1_286' title='bbox 822 4385 974 4471; x_wconf 71' lang='lat' dir='ltr'>“reliquos</span> <span class='ocrx_word' id='word_1_287' title='bbox 995 4408 1097 4452; x_wconf 73' lang='lat' dir='ltr'>eam</span> <span class='ocrx_word' id='word_1_288' title='bbox 1108 4379 1436 4474; x_wconf 60' lang='lat' dir='ltr'>arwffliisigni-</span> 
     </span>
     <span class='ocr_line' id='line_1_39' title="bbox 360 4489 1506 4578; baseline -0.001 -19"><span class='ocrx_word' id='word_1_289' title='bbox 360 4494 507 4570; x_wconf 88' lang='lat' dir='ltr'>ficentur,</span> <span class='ocrx_word' id='word_1_290' title='bbox 536 4490 589 4576; x_wconf 89' lang='lat' dir='ltr'>qui</span> <span class='ocrx_word' id='word_1_291' title='bbox 618 4490 775 4578; x_wconf 83' lang='lat' dir='ltr'>patefactis</span> <span class='ocrx_word' id='word_1_292' title='bbox 805 4489 927 4557; x_wconf 89' lang='lat' dir='ltr'>insidiis</span> <span class='ocrx_word' id='word_1_293' title='bbox 949 4491 1133 4572; x_wconf 79' lang='lat' dir='ltr'>restiterint,</span> <span class='ocrx_word' id='word_1_294' title='bbox 1146 4489 1186 4558; x_wconf 80' lang='grc'><strong>,111</strong></span> <span class='ocrx_word' id='word_1_295' title='bbox 1209 4513 1243 4576; x_wconf 90' lang='lat' dir='ltr'>pr</span> <span class='ocrx_word' id='word_1_296' title='bbox 1355 4511 1435 4574; x_wconf 71' lang='lat' dir='ltr'>urse·</span> <span class='ocrx_word' id='word_1_297' title='bbox 1504 4535 1506 4540; x_wconf 93' lang='lat'>-</span> 
     </span>
    </p>
   </div>
   <div class='ocr_carea' id='block_1_12' title="bbox 1422 4651 1521 4876">
    <p class='ocr_par' dir='ltr' id='par_1_15' title="bbox 1394 4651 1521 4876">
     <span class='ocr_line' id='line_1_40' title="bbox 1422 4651 1521 4876; baseline 0 0"><span class='ocrx_word' id='word_1_298' title='bbox 1422 4651 1521 4876; x_wconf 73' lang='lat' dir='ltr'>s</span> 
     </span>
    </p>
   </div>
   <div class='ocr_carea' id='block_1_13' title="bbox 0 0 1810 5450">
    <p class='ocr_par' dir='ltr' id='par_1_16' title="bbox 0 0 1810 5450">
     <span class='ocr_line' id='line_1_41' title="bbox 0 0 1810 5450; baseline 0 1"><span class='ocrx_word' id='word_1_299' title='bbox 0 0 1810 5450; x_wconf 95' lang='lat' dir='ltr'> </span> 
     </span>
    </p>
   </div>
  </div>
 </body>
</html>
