<?xml version="1.0" encoding="UTF-8"?>
<!DOCTYPE html PUBLIC "-//W3C//DTD XHTML 1.0 Transitional//EN"
    "http://www.w3.org/TR/xhtml1/DTD/xhtml1-transitional.dtd">
<html xmlns="http://www.w3.org/1999/xhtml" xml:lang="en" lang="en">
 <head>
  <title>
</title>
<meta http-equiv="Content-Type" content="text/html;charset=utf-8" />
  <meta name='ocr-system' content='tesseract 3.04.00' />
  <meta name='ocr-capabilities' content='ocr_page ocr_carea ocr_par ocr_line ocrx_word'/>
</head>
<body>
  <div class='ocr_page' id='page_1' title='image "./miscellaneaphil00gymngoog_0018.png"; bbox 0 0 3609 5450; ppageno 0'>
   <div class='ocr_carea' id='block_1_1' title="bbox 796 505 969 565">
    <p class='ocr_par' dir='ltr' id='par_1_1' title="bbox 796 505 969 565">
     <span class='ocr_line' id='line_1_1' title="bbox 796 505 969 565; baseline 0 -17"><span class='ocrx_word' id='word_1_1' title='bbox 796 505 969 565; x_wconf 63' lang='lat'>..12-</span> 
     </span>
    </p>
   </div>
   <div class='ocr_carea' id='block_1_2' title="bbox 626 686 1140 772">
    <p class='ocr_par' dir='ltr' id='par_1_2' title="bbox 626 686 1140 772">
     <span class='ocr_line' id='line_1_2' title="bbox 626 686 1140 772; baseline -0.006 -20"><span class='ocrx_word' id='word_1_2' title='bbox 626 688 710 752; x_wconf 84' lang='lat' dir='ltr'>Orat.</span> <span class='ocrx_word' id='word_1_3' title='bbox 734 686 820 751; x_wconf 86' lang='lat' dir='ltr'>VIII</span> <span class='ocrx_word' id='word_1_4' title='bbox 843 690 860 772; x_wconf 61' lang='lat' dir='ltr'>d</span> <span class='ocrx_word' id='word_1_5' title='bbox 885 691 936 753; x_wconf 75' lang='lat'><em>47.</em></span> <span class='ocrx_word' id='word_1_6' title='bbox 959 710 987 772; x_wconf 90' lang='lat' dir='ltr'><em>p.</em></span> <span class='ocrx_word' id='word_1_7' title='bbox 1012 690 1093 765; x_wconf 87' lang='lat'><strong>166,</strong></span> <span class='ocrx_word' id='word_1_8' title='bbox 1116 709 1140 750; x_wconf 88' lang='lat' dir='ltr'><em>e.</em></span> 
     </span>
    </p>
   </div>
   <div class='ocr_carea' id='block_1_3' title="bbox 342 891 1470 2017">
    <p class='ocr_par' dir='ltr' id='par_1_3' title="bbox 342 891 1427 1076">
     <span class='ocr_line' id='line_1_3' title="bbox 385 891 1427 975; baseline -0.001 -17"><span class='ocrx_word' id='word_1_9' title='bbox 385 896 409 959; x_wconf 80' lang='grc' dir='ltr'><em>εἰ</em></span> <span class='ocrx_word' id='word_1_10' title='bbox 431 894 461 958; x_wconf 75' lang='grc' dir='ltr'><em>δὲ</em></span> <span class='ocrx_word' id='word_1_11' title='bbox 483 901 541 966; x_wconf 83' lang='grc' dir='ltr'><em>τοῖς</em></span> <span class='ocrx_word' id='word_1_12' title='bbox 564 894 593 958; x_wconf 83' lang='grc' dir='ltr'><em>ἕν</em></span> <span class='ocrx_word' id='word_1_13' title='bbox 614 895 768 974; x_wconf 96' lang='grc' dir='ltr'><em>Μαραθῶνι</em></span> <span class='ocrx_word' id='word_1_14' title='bbox 791 892 857 964; x_wconf 84' lang='grc' dir='ltr'><em>τοὺς</em></span> <span class='ocrx_word' id='word_1_15' title='bbox 879 891 1048 972; x_wconf 81' lang='grc' dir='ltr'><em>βαρβοθρους</em></span> <span class='ocrx_word' id='word_1_16' title='bbox 1072 892 1202 967; x_wconf 76' lang='grc' dir='ltr'><em>νικήσασι</em></span> <span class='ocrx_word' id='word_1_17' title='bbox 1225 892 1276 956; x_wconf 77' lang='grc' dir='ltr'><em>καὶ</em></span> <span class='ocrx_word' id='word_1_18' title='bbox 1292 899 1351 964; x_wconf 79' lang='grc' dir='ltr'><em>τοῖς</em></span> <span class='ocrx_word' id='word_1_19' title='bbox 1367 891 1427 975; x_wconf 78' lang='grc' dir='ltr'><em>τρό</em></span> 
     </span>
     <span class='ocr_line' id='line_1_4' title="bbox 342 996 713 1076; baseline -0.005 -12"><span class='ocrx_word' id='word_1_20' title='bbox 342 999 449 1064; x_wconf 86' lang='grc' dir='ltr'><em>τοθτιον</em></span> <span class='ocrx_word' id='word_1_21' title='bbox 471 996 631 1076; x_wconf 76' lang='grc' dir='ltr'><em>γενομένοις</em></span> <span class='ocrx_word' id='word_1_22' title='bbox 653 998 713 1062; x_wconf 81' lang='grc' dir='ltr'><em>κτὲ.</em></span> 
     </span>
    </p>

    <p class='ocr_par' dir='ltr' id='par_1_4' title="bbox 342 1097 1470 2017">
     <span class='ocr_line' id='line_1_5' title="bbox 386 1097 1432 1189; baseline -0.005 -23"><span class='ocrx_word' id='word_1_23' title='bbox 386 1102 462 1166; x_wconf 84' lang='lat' dir='ltr'>Dete</span> <span class='ocrx_word' id='word_1_24' title='bbox 491 1101 741 1189; x_wconf 76' lang='lat' dir='ltr'><strong>praepositionem</strong></span> <span class='ocrx_word' id='word_1_25' title='bbox 771 1101 814 1176; x_wconf 86' lang='grc' dir='ltr'><em>ε’ν,</em></span> <span class='ocrx_word' id='word_1_26' title='bbox 843 1121 933 1182; x_wconf 86' lang='lat' dir='ltr'>qnam</span> <span class='ocrx_word' id='word_1_27' title='bbox 960 1098 1076 1163; x_wconf 88' lang='lat' dir='ltr'>librarii</span> <span class='ocrx_word' id='word_1_28' title='bbox 1099 1100 1137 1163; x_wconf 88' lang='lat' dir='ltr'><em>ad</em></span> <span class='ocrx_word' id='word_1_29' title='bbox 1159 1097 1247 1163; x_wconf 87' lang='lat' dir='ltr'>illum</span> <span class='ocrx_word' id='word_1_30' title='bbox 1273 1098 1432 1176; x_wconf 89' lang='lat' dir='ltr'>dativum,</span> 
     </span>
     <span class='ocr_line' id='line_1_6' title="bbox 342 1202 1432 1292; baseline -0.004 -22"><span class='ocrx_word' id='word_1_31' title='bbox 342 1228 429 1290; x_wconf 90' lang='lat' dir='ltr'>quem</span> <span class='ocrx_word' id='word_1_32' title='bbox 454 1204 673 1292; x_wconf 81' lang='lat' dir='ltr'><strong>opinabantur,</strong></span> <span class='ocrx_word' id='word_1_33' title='bbox 695 1203 907 1289; x_wconf 84' lang='lat' dir='ltr'>explicandum</span> <span class='ocrx_word' id='word_1_34' title='bbox 932 1224 1017 1287; x_wconf 85' lang='lat' dir='ltr'>saepe</span> <span class='ocrx_word' id='word_1_35' title='bbox 1036 1202 1218 1286; x_wconf 80' lang='lat' dir='ltr'>adjecerunt.</span> <span class='ocrx_word' id='word_1_36' title='bbox 1263 1203 1432 1268; x_wconf 84' lang='lat' dir='ltr'>Sedenim</span> 
     </span>
     <span class='ocr_line' id='line_1_7' title="bbox 342 1306 1433 1390; baseline -0.006 -15"><span class='ocrx_word' id='word_1_37' title='bbox 342 1311 496 1390; x_wconf 74' lang='grc' dir='ltr'><em>Μαραθῶνι</em></span> <span class='ocrx_word' id='word_1_38' title='bbox 526 1312 572 1372; x_wconf 87' lang='lat' dir='ltr'><em>est</em></span> <span class='ocrx_word' id='word_1_39' title='bbox 603 1307 777 1371; x_wconf 83' lang='lat' dir='ltr'>adverbium</span> <span class='ocrx_word' id='word_1_40' title='bbox 800 1308 877 1385; x_wconf 88' lang='lat' dir='ltr'>loci,</span> <span class='ocrx_word' id='word_1_41' title='bbox 900 1306 997 1370; x_wconf 83' lang='lat' dir='ltr'>veluti</span> <span class='ocrx_word' id='word_1_42' title='bbox 1021 1307 1152 1382; x_wconf 78' lang='grc' dir='ltr'><em>Δωθῶνι,</em></span> <span class='ocrx_word' id='word_1_43' title='bbox 1177 1314 1346 1384; x_wconf 81' lang='grc' dir='ltr'><em>Σαλαμῖνι;</em></span> <span class='ocrx_word' id='word_1_44' title='bbox 1371 1328 1433 1369; x_wconf 87' lang='lat' dir='ltr'><em>nec</em></span> 
     </span>
     <span class='ocr_line' id='line_1_8' title="bbox 344 1410 1433 1497; baseline -0.001 -21"><span class='ocrx_word' id='word_1_45' title='bbox 344 1413 462 1477; x_wconf 79' lang='lat' dir='ltr'>Noster</span> <span class='ocrx_word' id='word_1_46' title='bbox 479 1432 535 1475; x_wconf 89' lang='lat' dir='ltr'><em>neo</em></span> <span class='ocrx_word' id='word_1_47' title='bbox 558 1412 650 1474; x_wconf 86' lang='lat' dir='ltr'>ceteri</span> <span class='ocrx_word' id='word_1_48' title='bbox 673 1412 773 1474; x_wconf 86' lang='lat' dir='ltr'>Attici</span> <span class='ocrx_word' id='word_1_49' title='bbox 796 1411 856 1497; x_wconf 86' lang='lat' dir='ltr'>ipsi</span> <span class='ocrx_word' id='word_1_50' title='bbox 879 1411 940 1475; x_wconf 91' lang='lat' dir='ltr'>nisi</span> <span class='ocrx_word' id='word_1_51' title='bbox 955 1411 1126 1491; x_wconf 77' lang='grc' dir='ltr'><em>Μαραθῶνι,</em></span> <span class='ocrx_word' id='word_1_52' title='bbox 1142 1410 1223 1495; x_wconf 91' lang='lat' dir='ltr'>quod</span> <span class='ocrx_word' id='word_1_53' title='bbox 1240 1412 1433 1497; x_wconf 86' lang='lat' dir='ltr'>significaret</span> 
     </span>
     <span class='ocr_line' id='line_1_9' title="bbox 342 1501 1470 1613; baseline 0.001 -35"><span class='ocrx_word' id='word_1_54' title='bbox 342 1517 376 1578; x_wconf 82' lang='grc' dir='ltr'><em>θα</em></span> <span class='ocrx_word' id='word_1_55' title='bbox 399 1514 823 1613; x_wconf 47' lang='grc' dir='ltr'><em>Μονοθθοοιιο,.εοοίροοοοιιθ,</em></span> <span class='ocrx_word' id='word_1_56' title='bbox 847 1515 884 1578; x_wconf 90' lang='lat' dir='ltr'><em>ad</em></span> <span class='ocrx_word' id='word_1_57' title='bbox 908 1515 991 1599; x_wconf 90' lang='lat' dir='ltr'>quod</span> <span class='ocrx_word' id='word_1_58' title='bbox 1006 1514 1194 1600; x_wconf 89' lang='lat' dir='ltr'>probandum</span> <span class='ocrx_word' id='word_1_59' title='bbox 1210 1507 1434 1601; x_wconf 84' lang='lat' dir='ltr'>exemplaido-</span> <span class='ocrx_word' id='word_1_60' title='bbox 1464 1501 1470 1513; x_wconf 57' lang='lat'><strong>⁹</strong></span> 
     </span>
     <span class='ocr_line' id='line_1_10' title="bbox 343 1617 1434 1704; baseline 0.002 -22"><span class='ocrx_word' id='word_1_61' title='bbox 343 1641 399 1681; x_wconf 87' lang='lat' dir='ltr'><em>nea</em></span> <span class='ocrx_word' id='word_1_62' title='bbox 428 1618 588 1682; x_wconf 77' lang='lat' dir='ltr'>acce-dant:</span> <span class='ocrx_word' id='word_1_63' title='bbox 618 1617 651 1680; x_wconf 91' lang='lat' dir='ltr'><em>in</em></span> <span class='ocrx_word' id='word_1_64' title='bbox 682 1617 724 1681; x_wconf 88' lang='lat' dir='ltr'><em>N.</em></span> <span class='ocrx_word' id='word_1_65' title='bbox 754 1617 839 1680; x_wconf 90' lang='lat' dir='ltr'>Orat.</span> <span class='ocrx_word' id='word_1_66' title='bbox 862 1617 913 1680; x_wconf 90' lang='lat' dir='ltr'><em>IV</em></span> <span class='ocrx_word' id='word_1_67' title='bbox 935 1642 963 1704; x_wconf 88' lang='lat' dir='ltr'><em>p.</em></span> <span class='ocrx_word' id='word_1_68' title='bbox 990 1624 1047 1694; x_wconf 84' lang='lat'><em>59,</em></span> <span class='ocrx_word' id='word_1_69' title='bbox 1068 1618 1096 1682; x_wconf 91' lang='lat' dir='ltr'><em>b.</em></span> <span class='ocrx_word' id='word_1_70' title='bbox 1130 1619 1351 1697; x_wconf 79' lang='grc' dir='ltr'><em>Λακεδαιμόνιοι</em></span> <span class='ocrx_word' id='word_1_71' title='bbox 1374 1619 1434 1696; x_wconf 82' lang='grc' dir='ltr'><em>μὲν</em></span> 
     </span>
     <span class='ocr_line' id='line_1_11' title="bbox 342 1720 1434 1806; baseline 0.003 -21"><span class='ocrx_word' id='word_1_72' title='bbox 342 1721 493 1802; x_wconf 70' lang='grc' dir='ltr'><em>ζηλοῦντες</em></span> <span class='ocrx_word' id='word_1_73' title='bbox 521 1722 573 1796; x_wconf 82' lang='grc' dir='ltr'><em>τήν</em></span> <span class='ocrx_word' id='word_1_74' title='bbox 597 1721 681 1786; x_wconf 85' lang='grc' dir='ltr'><em>τθλιν</em></span> <span class='ocrx_word' id='word_1_75' title='bbox 703 1729 756 1794; x_wconf 82' lang='grc' dir='ltr'><em>τής</em></span> <span class='ocrx_word' id='word_1_76' title='bbox 778 1721 933 1800; x_wconf 88' lang='grc' dir='ltr'><em>Μαραθῶνι</em></span> <span class='ocrx_word' id='word_1_77' title='bbox 955 1720 1069 1801; x_wconf 81' lang='grc' dir='ltr'><em>μοθχής.</em></span> <span class='ocrx_word' id='word_1_78' title='bbox 1116 1722 1200 1786; x_wconf 89' lang='lat' dir='ltr'>Orat.</span> <span class='ocrx_word' id='word_1_79' title='bbox 1223 1723 1288 1787; x_wconf 88' lang='lat' dir='ltr'><em>XV</em></span> <span class='ocrx_word' id='word_1_80' title='bbox 1311 1725 1329 1806; x_wconf 64' lang='lat' dir='ltr'>d</span> <span class='ocrx_word' id='word_1_81' title='bbox 1354 1727 1434 1789; x_wconf 76' lang='lat'><strong>328.</strong></span> 
     </span>
     <span class='ocr_line' id='line_1_12' title="bbox 342 1813 1431 1912; baseline 0.002 -24"><span class='ocrx_word' id='word_1_82' title='bbox 342 1832 420 1896; x_wconf 81' lang='grc' dir='ltr'><em>τοῖος</em></span> <span class='ocrx_word' id='word_1_83' title='bbox 443 1824 472 1889; x_wconf 74' lang='grc' dir='ltr'><em>δέ</em></span> <span class='ocrx_word' id='word_1_84' title='bbox 493 1850 538 1898; x_wconf 93' lang='grc' dir='ltr'><em>τις</em></span> <span class='ocrx_word' id='word_1_85' title='bbox 561 1826 574 1889; x_wconf 78' lang='grc' dir='ltr'>ὁ</span> <span class='ocrx_word' id='word_1_86' title='bbox 590 1824 655 1896; x_wconf 84' lang='grc' dir='ltr'><em>τοὺς</em></span> <span class='ocrx_word' id='word_1_87' title='bbox 671 1822 838 1904; x_wconf 83' lang='grc' dir='ltr'><em>βαρβοθρονς</em></span> <span class='ocrx_word' id='word_1_88' title='bbox 853 1824 1009 1904; x_wconf 88' lang='grc' dir='ltr'><em>Μαραθῶνι</em></span> <span class='ocrx_word' id='word_1_89' title='bbox 1025 1813 1062 1906; x_wconf 79' lang='grc' dir='ltr'><em>τή</em></span> <span class='ocrx_word' id='word_1_90' title='bbox 1077 1825 1167 1908; x_wconf 81' lang='grc' dir='ltr'><em>μοθχρ</em></span> <span class='ocrx_word' id='word_1_91' title='bbox 1182 1827 1330 1902; x_wconf 76' lang='grc' dir='ltr'><em>νικήσας.</em></span> <span class='ocrx_word' id='word_1_92' title='bbox 1347 1828 1431 1912; x_wconf 89' lang='lat' dir='ltr'>apud</span> 
     </span>
     <span class='ocr_line' id='line_1_13' title="bbox 342 1927 1056 2017; baseline -0.001 -23"><span class='ocrx_word' id='word_1_93' title='bbox 342 1928 578 2017; x_wconf 79' lang='lat' dir='ltr'>Aristophanem</span> <span class='ocrx_word' id='word_1_94' title='bbox 601 1930 634 1993; x_wconf 90' lang='lat' dir='ltr'><em>in</em></span> <span class='ocrx_word' id='word_1_95' title='bbox 657 1927 789 1994; x_wconf 86' lang='lat' dir='ltr'>Acharn.</span> <span class='ocrx_word' id='word_1_96' title='bbox 811 1951 854 1992; x_wconf 87' lang='lat' dir='ltr'><em>vs.</em></span> <span class='ocrx_word' id='word_1_97' title='bbox 878 1932 957 2006; x_wconf 83' lang='lat'>696,</span> <span class='ocrx_word' id='word_1_98' title='bbox 981 1932 1056 1993; x_wconf 85' lang='grc'><strong>697.</strong></span> 
     </span>
    </p>
   </div>
   <div class='ocr_carea' id='block_1_4' title="bbox 497 2080 1254 2267">
    <p class='ocr_par' dir='ltr' id='par_1_5' title="bbox 497 2080 1254 2267">
     <span class='ocr_line' id='line_1_14' title="bbox 497 2080 1254 2164; baseline 0 -17"><span class='ocrx_word' id='word_1_99' title='bbox 497 2083 574 2164; x_wconf 72' lang='grc' dir='ltr'><em>ἄνδρ’</em></span> <span class='ocrx_word' id='word_1_100' title='bbox 596 2081 707 2158; x_wconf 64' lang='lat' dir='ltr'>aynan</span> <span class='ocrx_word' id='word_1_101' title='bbox 729 2081 798 2146; x_wconf 85' lang='grc' dir='ltr'><em>θντα</em></span> <span class='ocrx_word' id='word_1_102' title='bbox 820 2081 976 2162; x_wconf 83' lang='grc' dir='ltr'><em>Μαραθῶνι</em></span> <span class='ocrx_word' id='word_1_103' title='bbox 1000 2080 1063 2163; x_wconf 78' lang='grc' dir='ltr'><em>περὶ</em></span> <span class='ocrx_word' id='word_1_104' title='bbox 1086 2083 1138 2157; x_wconf 82' lang='grc' dir='ltr'><em>τήν</em></span> <span class='ocrx_word' id='word_1_105' title='bbox 1161 2081 1254 2148; x_wconf 85' lang='grc' dir='ltr'><em>τθλιν.</em></span> 
     </span>
     <span class='ocr_line' id='line_1_15' title="bbox 500 2181 1170 2267; baseline 0 -18"><span class='ocrx_word' id='word_1_106' title='bbox 500 2183 566 2250; x_wconf 78' lang='grc' dir='ltr'><em>εἶτα</em></span> <span class='ocrx_word' id='word_1_107' title='bbox 587 2187 742 2267; x_wconf 89' lang='grc' dir='ltr'><em>Μαραθῶνι</em></span> <span class='ocrx_word' id='word_1_108' title='bbox 764 2185 818 2262; x_wconf 80' lang='grc' dir='ltr'><em>μὲν</em></span> <span class='ocrx_word' id='word_1_109' title='bbox 840 2181 881 2249; x_wconf 71' lang='grc' dir='ltr'><em>ἔτ’</em></span> <span class='ocrx_word' id='word_1_110' title='bbox 905 2182 990 2262; x_wconf 84' lang='grc' dir='ltr'><em>ήμεν,</em></span> <span class='ocrx_word' id='word_1_111' title='bbox 1012 2185 1170 2263; x_wconf 76' lang='grc' dir='ltr'><em>ἐδιώκομεν·</em></span> 
     </span>
    </p>
   </div>
   <div class='ocr_carea' id='block_1_5' title="bbox 344 2339 1431 2531">
    <p class='ocr_par' dir='ltr' id='par_1_6' title="bbox 344 2339 1431 2531">
     <span class='ocr_line' id='line_1_16' title="bbox 388 2339 1431 2428; baseline 0.002 -23"><span class='ocrx_word' id='word_1_112' title='bbox 388 2341 553 2405; x_wconf 85' lang='lat' dir='ltr'>Simonidis</span> <span class='ocrx_word' id='word_1_113' title='bbox 576 2341 610 2405; x_wconf 87' lang='grc' dir='ltr'><em>Ο.</em></span> <span class='ocrx_word' id='word_1_114' title='bbox 632 2341 737 2428; x_wconf 80' lang='lat' dir='ltr'>Epigr.</span> <span class='ocrx_word' id='word_1_115' title='bbox 762 2345 789 2404; x_wconf 75' lang='lat'><em>2.</em></span> <span class='ocrx_word' id='word_1_116' title='bbox 819 2340 877 2425; x_wconf 90' lang='lat' dir='ltr'>(ed.</span> <span class='ocrx_word' id='word_1_117' title='bbox 900 2339 1112 2405; x_wconf 83' lang='lat' dir='ltr'>Schneidewin</span> <span class='ocrx_word' id='word_1_118' title='bbox 1134 2341 1168 2403; x_wconf 87' lang='lat' dir='ltr'><em>in</em></span> <span class='ocrx_word' id='word_1_119' title='bbox 1191 2340 1320 2406; x_wconf 89' lang='lat' dir='ltr'>Delectu</span> <span class='ocrx_word' id='word_1_120' title='bbox 1344 2343 1431 2407; x_wconf 87' lang='lat' dir='ltr'>Poet.</span> 
     </span>
     <span class='ocr_line' id='line_1_17' title="bbox 344 2443 519 2531; baseline 0.006 -24"><span class='ocrx_word' id='word_1_121' title='bbox 344 2443 429 2531; x_wconf 79' lang='lat' dir='ltr'>Eleg.</span> <span class='ocrx_word' id='word_1_122' title='bbox 453 2445 519 2529; x_wconf 84' lang='lat' dir='ltr'>Gr.)</span> 
     </span>
    </p>
   </div>
   <div class='ocr_carea' id='block_1_6' title="bbox 478 2598 1274 2679">
    <p class='ocr_par' dir='ltr' id='par_1_7' title="bbox 478 2598 1274 2679">
     <span class='ocr_line' id='line_1_18' title="bbox 478 2598 1274 2679; baseline 0.001 -17"><span class='ocrx_word' id='word_1_123' title='bbox 478 2598 623 2673; x_wconf 83' lang='grc' dir='ltr'><em>Ἑλλήνων</em></span> <span class='ocrx_word' id='word_1_124' title='bbox 645 2603 866 2679; x_wconf 76' lang='grc' dir='ltr'><em>προμαχοῦντες</em></span> <span class='ocrx_word' id='word_1_125' title='bbox 889 2599 1029 2672; x_wconf 78' lang='grc' dir='ltr'><em>Ἀθηναῖοι</em></span> <span class='ocrx_word' id='word_1_126' title='bbox 1051 2601 1206 2679; x_wconf 87' lang='grc' dir='ltr'><em>Μαραθῶνι</em></span> <span class='ocrx_word' id='word_1_127' title='bbox 1229 2638 1274 2647; x_wconf 93' lang='grc'>-</span> 
     </span>
    </p>
   </div>
   <div class='ocr_carea' id='block_1_7' title="bbox 345 2755 1431 3051">
    <p class='ocr_par' dir='ltr' id='par_1_8' title="bbox 345 2755 1431 3051">
     <span class='ocr_line' id='line_1_19' title="bbox 345 2755 1431 2844; baseline 0.003 -25"><span class='ocrx_word' id='word_1_128' title='bbox 345 2756 379 2820; x_wconf 88' lang='lat' dir='ltr'><em>in</em></span> <span class='ocrx_word' id='word_1_129' title='bbox 402 2755 540 2820; x_wconf 80' lang='lat' dir='ltr'>Platonis</span> <span class='ocrx_word' id='word_1_130' title='bbox 571 2756 692 2823; x_wconf 83' lang='lat' dir='ltr'>Menex.</span> <span class='ocrx_word' id='word_1_131' title='bbox 716 2782 743 2844; x_wconf 92' lang='lat' dir='ltr'><em>p.</em></span> <span class='ocrx_word' id='word_1_132' title='bbox 769 2762 889 2835; x_wconf 59' lang='lat' dir='ltr'><em>cana</em></span> <span class='ocrx_word' id='word_1_133' title='bbox 920 2758 1045 2835; x_wconf 80' lang='grc' dir='ltr'><em>βασιλεῖ</em></span> <span class='ocrx_word' id='word_1_134' title='bbox 1065 2755 1175 2834; x_wconf 77' lang='grc' dir='ltr'><em>δἀθτή</em></span> <span class='ocrx_word' id='word_1_135' title='bbox 1198 2758 1252 2836; x_wconf 80' lang='grc' dir='ltr'><em>μὲν</em></span> <span class='ocrx_word' id='word_1_136' title='bbox 1274 2760 1323 2823; x_wconf 85' lang='grc' dir='ltr'><em>οθν</em></span> <span class='ocrx_word' id='word_1_137' title='bbox 1348 2758 1431 2822; x_wconf 83' lang='grc' dir='ltr'><em>ἐσθλ-</em></span> 
     </span>
     <span class='ocr_line' id='line_1_20' title="bbox 345 2860 1429 2943; baseline 0 -18"><span class='ocrx_word' id='word_1_138' title='bbox 345 2885 422 2939; x_wconf 84' lang='grc' dir='ltr'><em>μήσε</em></span> <span class='ocrx_word' id='word_1_139' title='bbox 449 2860 589 2938; x_wconf 83' lang='grc' dir='ltr'><em>βοήθήσαι</em></span> <span class='ocrx_word' id='word_1_140' title='bbox 619 2862 813 2943; x_wconf 74' lang='grc' dir='ltr'><em>αἰσχυνομένη</em></span> <span class='ocrx_word' id='word_1_141' title='bbox 843 2863 886 2927; x_wconf 82' lang='grc' dir='ltr'><em>τθι</em></span> <span class='ocrx_word' id='word_1_142' title='bbox 915 2863 1041 2942; x_wconf 86' lang='grc' dir='ltr'><em>τρθταια</em></span> <span class='ocrx_word' id='word_1_143' title='bbox 1071 2860 1112 2927; x_wconf 83' lang='grc' dir='ltr'><em>τοθ</em></span> <span class='ocrx_word' id='word_1_144' title='bbox 1140 2888 1175 2926; x_wconf 87' lang='grc' dir='ltr'><em>τε</em></span> <span class='ocrx_word' id='word_1_145' title='bbox 1200 2863 1355 2943; x_wconf 88' lang='grc' dir='ltr'><em>Μαραθῶνι</em></span> <span class='ocrx_word' id='word_1_146' title='bbox 1379 2862 1429 2926; x_wconf 76' lang='grc' dir='ltr'><em>καὶ</em></span> 
     </span>
     <span class='ocr_line' id='line_1_21' title="bbox 347 2965 1169 3051; baseline 0.001 -22"><span class='ocrx_word' id='word_1_147' title='bbox 347 2971 497 3040; x_wconf 77' lang='grc' dir='ltr'><em>Σαλαμῖνι</em></span> <span class='ocrx_word' id='word_1_148' title='bbox 519 2965 569 3030; x_wconf 74' lang='grc' dir='ltr'><em>καὶ</em></span> <span class='ocrx_word' id='word_1_149' title='bbox 592 2974 762 3038; x_wconf 81' lang='grc' dir='ltr'><em>Πλαταιαῖς</em></span> <span class='ocrx_word' id='word_1_150' title='bbox 787 2967 860 3050; x_wconf 93' lang='lat' dir='ltr'>(imo</span> <span class='ocrx_word' id='word_1_151' title='bbox 883 2966 950 3051; x_wconf 86' lang='lat' dir='ltr'>lege</span> <span class='ocrx_word' id='word_1_152' title='bbox 971 2968 1169 3050; x_wconf 85' lang='grc' dir='ltr'><em>Πλαταιῶσι).</em></span> 
     </span>
    </p>
   </div>
   <div class='ocr_carea' id='block_1_8' title="bbox 665 3171 1112 3256">
    <p class='ocr_par' dir='ltr' id='par_1_9' title="bbox 665 3171 1112 3256">
     <span class='ocr_line' id='line_1_22' title="bbox 665 3171 1112 3256; baseline -0.004 -21"><span class='ocrx_word' id='word_1_153' title='bbox 665 3171 749 3235; x_wconf 77' lang='lat' dir='ltr'>orat.</span> <span class='ocrx_word' id='word_1_154' title='bbox 773 3172 805 3236; x_wconf 82' lang='lat' dir='ltr'><strong>x</strong></span> <span class='ocrx_word' id='word_1_155' title='bbox 830 3173 847 3254; x_wconf 71' lang='lat' dir='ltr'>o</span> <span class='ocrx_word' id='word_1_156' title='bbox 872 3175 926 3234; x_wconf 82' lang='lat' dir='ltr'><em>cr.</em></span> <span class='ocrx_word' id='word_1_157' title='bbox 947 3193 976 3256; x_wconf 85' lang='lat' dir='ltr'><em>p.</em></span> <span class='ocrx_word' id='word_1_158' title='bbox 1000 3174 1063 3233; x_wconf 80' lang='lat' dir='ltr'><em>oro</em></span> <span class='ocrx_word' id='word_1_159' title='bbox 1088 3192 1112 3233; x_wconf 78' lang='lat' dir='ltr'><em>e.</em></span> 
     </span>
    </p>
   </div>
   <div class='ocr_carea' id='block_1_9' title="bbox 391 3373 1432 3460">
    <p class='ocr_par' dir='ltr' id='par_1_10' title="bbox 391 3373 1432 3460">
     <span class='ocr_line' id='line_1_23' title="bbox 391 3373 1432 3460; baseline 0 -20"><span class='ocrx_word' id='word_1_160' title='bbox 391 3376 481 3460; x_wconf 77' lang='grc' dir='ltr'><em>ῥήδιον</em></span> <span class='ocrx_word' id='word_1_161' title='bbox 510 3376 540 3439; x_wconf 74' lang='grc' dir='ltr'><em>δὲ</em></span> <span class='ocrx_word' id='word_1_162' title='bbox 569 3379 674 3451; x_wconf 77' lang='grc' dir='ltr'><em>γνῶναι</em></span> <span class='ocrx_word' id='word_1_163' title='bbox 702 3376 753 3449; x_wconf 81' lang='grc' dir='ltr'><em>τήν</em></span> <span class='ocrx_word' id='word_1_164' title='bbox 776 3373 896 3451; x_wconf 76' lang='grc' dir='ltr'><em>δύναμιν</em></span> <span class='ocrx_word' id='word_1_165' title='bbox 919 3376 1008 3439; x_wconf 85' lang='grc' dir='ltr'><em>αθτοῶ</em></span> <span class='ocrx_word' id='word_1_166' title='bbox 1034 3376 1096 3459; x_wconf 83' lang='grc' dir='ltr'><em>(τοῦ</em></span> <span class='ocrx_word' id='word_1_167' title='bbox 1119 3373 1271 3460; x_wconf 55' lang='lat' dir='ltr'>antinoon·</span> <span class='ocrx_word' id='word_1_168' title='bbox 1299 3379 1355 3439; x_wconf 87' lang='grc' dir='ltr'><em>τῶν</em></span> <span class='ocrx_word' id='word_1_169' title='bbox 1377 3376 1432 3452; x_wconf 78' lang='grc' dir='ltr'><em>μὲν</em></span> 
     </span>
    </p>
   </div>
   <div class='ocr_carea' id='block_1_10' title="bbox 246 3478 1432 3572">
    <p class='ocr_par' dir='ltr' id='par_1_11' title="bbox 246 3478 1432 3572">
     <span class='ocr_line' id='line_1_24' title="bbox 246 3478 1432 3572; baseline -0.002 -27"><span class='ocrx_word' id='word_1_170' title='bbox 246 3561 252 3572; x_wconf 37' lang='lat'><strong>·</strong></span> <span class='ocrx_word' id='word_1_171' title='bbox 348 3481 407 3562; x_wconf 75' lang='grc' dir='ltr'><em>χθορ</em></span> <span class='ocrx_word' id='word_1_172' title='bbox 429 3479 545 3560; x_wconf 77' lang='grc' dir='ltr'><em>ῶνδρθας</em></span> <span class='ocrx_word' id='word_1_173' title='bbox 568 3478 584 3555; x_wconf 85' lang='grc' dir='ltr'><em>ή</em></span> <span class='ocrx_word' id='word_1_174' title='bbox 608 3479 715 3561; x_wconf 77' lang='grc' dir='ltr'><em>σοφίας</em></span> <span class='ocrx_word' id='word_1_175' title='bbox 739 3478 756 3554; x_wconf 87' lang='grc' dir='ltr'><em>ή</em></span> <span class='ocrx_word' id='word_1_176' title='bbox 779 3478 954 3553; x_wconf 71' lang='grc' dir='ltr'><em>δικαιοσύνης</em></span> <span class='ocrx_word' id='word_1_177' title='bbox 976 3480 1019 3557; x_wconf 81' lang='grc' dir='ltr'><em>μή</em></span> <span class='ocrx_word' id='word_1_178' title='bbox 1041 3478 1228 3558; x_wconf 79' lang='grc' dir='ltr'><em>μετεχόντων</em></span> <span class='ocrx_word' id='word_1_179' title='bbox 1251 3479 1351 3544; x_wconf 82' lang='grc' dir='ltr'><em>τολλθι</em></span> <span class='ocrx_word' id='word_1_180' title='bbox 1369 3486 1432 3561; x_wconf 82' lang='grc' dir='ltr'><em>φα-</em></span> 
     </span>
    </p>
   </div>
   <div class='ocr_carea' id='block_1_11' title="bbox 347 3581 1435 4602">
    <p class='ocr_par' dir='ltr' id='par_1_12' title="bbox 347 3581 1434 4076">
     <span class='ocr_line' id='line_1_25' title="bbox 347 3581 1433 3667; baseline -0.004 -17"><span class='ocrx_word' id='word_1_181' title='bbox 347 3587 463 3661; x_wconf 88' lang='grc' dir='ltr'><em>νήσεται</em></span> <span class='ocrx_word' id='word_1_182' title='bbox 493 3583 646 3661; x_wconf 73' lang='grc' dir='ltr'><em>τιμῶβενα</em></span> <span class='ocrx_word' id='word_1_183' title='bbox 676 3585 808 3667; x_wconf 88' lang='grc' dir='ltr'><em>[μῶλλον</em></span> <span class='ocrx_word' id='word_1_184' title='bbox 831 3583 848 3657; x_wconf 88' lang='grc' dir='ltr'><em>ή</em></span> <span class='ocrx_word' id='word_1_185' title='bbox 871 3582 978 3647; x_wconf 81' lang='grc' dir='ltr'><em>τούτων</em></span> <span class='ocrx_word' id='word_1_186' title='bbox 1000 3581 1150 3667; x_wconf 64' lang='lat' dir='ltr'><em>tractor}</em></span> <span class='ocrx_word' id='word_1_187' title='bbox 1174 3588 1230 3648; x_wconf 90' lang='grc' dir='ltr'><em>τῶν</em></span> <span class='ocrx_word' id='word_1_188' title='bbox 1252 3583 1282 3647; x_wconf 77' lang='grc' dir='ltr'><em>δὲ</em></span> <span class='ocrx_word' id='word_1_189' title='bbox 1304 3582 1433 3656; x_wconf 83' lang='grc' dir='ltr'><em>κοθλλους</em></span> 
     </span>
     <span class='ocr_line' id='line_1_26' title="bbox 347 3679 1433 3773; baseline -0.003 -20"><span class='ocrx_word' id='word_1_190' title='bbox 347 3687 585 3768; x_wconf 69' lang='grc' dir='ltr'><em>ἀπεστερημένων</em></span> <span class='ocrx_word' id='word_1_191' title='bbox 607 3686 683 3752; x_wconf 76' lang='grc' dir='ltr'><em>οὐδὲν</em></span> <span class='ocrx_word' id='word_1_192' title='bbox 705 3679 858 3768; x_wconf 76' lang='grc' dir='ltr'><em>εὑρήσομεν</em></span> <span class='ocrx_word' id='word_1_193' title='bbox 881 3687 1077 3765; x_wconf 75' lang='grc' dir='ltr'><em>οθχατιθμενον</em></span> <span class='ocrx_word' id='word_1_194' title='bbox 1104 3688 1203 3773; x_wconf 79' lang='grc' dir='ltr'><em>[ῶλλθι</em></span> <span class='ocrx_word' id='word_1_195' title='bbox 1218 3686 1320 3751; x_wconf 83' lang='grc' dir='ltr'><em>τήντα</em></span> <span class='ocrx_word' id='word_1_196' title='bbox 1336 3710 1433 3751; x_wconf 89' lang='grc' dir='ltr'><em>κατα-</em></span> 
     </span>
     <span class='ocr_line' id='line_1_27' title="bbox 347 3788 1434 3874; baseline 0 -19"><span class='ocrx_word' id='word_1_197' title='bbox 347 3792 527 3874; x_wconf 80' lang='grc' dir='ltr'><em>Φρονοθμενα</em></span> <span class='ocrx_word' id='word_1_198' title='bbox 556 3791 634 3865; x_wconf 85' lang='grc' dir='ltr'><em>τλήν</em></span> <span class='ocrx_word' id='word_1_199' title='bbox 663 3788 718 3855; x_wconf 83' lang='grc' dir='ltr'><em>θσα</em></span> <span class='ocrx_word' id='word_1_200' title='bbox 747 3790 859 3864; x_wconf 81' lang='grc' dir='ltr'><em>ταθτής</em></span> <span class='ocrx_word' id='word_1_201' title='bbox 888 3798 942 3865; x_wconf 83' lang='grc' dir='ltr'><em>τής</em></span> <span class='ocrx_word' id='word_1_202' title='bbox 965 3791 1042 3863; x_wconf 75' lang='grc' dir='ltr'><em>ἰθέας</em></span> <span class='ocrx_word' id='word_1_203' title='bbox 1065 3791 1279 3873; x_wconf 70' lang='grc' dir='ltr'><em>κεκοινώνηκε],</em></span> <span class='ocrx_word' id='word_1_204' title='bbox 1306 3790 1356 3853; x_wconf 79' lang='grc' dir='ltr'><em>καὶ</em></span> <span class='ocrx_word' id='word_1_205' title='bbox 1379 3792 1434 3866; x_wconf 81' lang='grc' dir='ltr'><em>τήν</em></span> 
     </span>
     <span class='ocr_line' id='line_1_28' title="bbox 347 3891 1434 3976; baseline -0.001 -15"><span class='ocrx_word' id='word_1_206' title='bbox 347 3896 451 3976; x_wconf 80' lang='grc' dir='ltr'><em>ῶρετήν</em></span> <span class='ocrx_word' id='word_1_207' title='bbox 474 3894 521 3959; x_wconf 74' lang='grc' dir='ltr'><em>δια</em></span> <span class='ocrx_word' id='word_1_208' title='bbox 542 3900 626 3959; x_wconf 82' lang='grc' dir='ltr'><em>τοῦτο</em></span> <span class='ocrx_word' id='word_1_209' title='bbox 649 3892 771 3972; x_wconf 67' lang='grc' dir='ltr'><em>μάλιστ’</em></span> <span class='ocrx_word' id='word_1_210' title='bbox 794 3894 1018 3972; x_wconf 74' lang='grc' dir='ltr'><em>εὐδοκομοῶσαν,</em></span> <span class='ocrx_word' id='word_1_211' title='bbox 1042 3891 1084 3958; x_wconf 80' lang='grc' dir='ltr'><em>θτι</em></span> <span class='ocrx_word' id='word_1_212' title='bbox 1107 3892 1264 3959; x_wconf 84' lang='grc' dir='ltr'><em>κοθλλιστον</em></span> <span class='ocrx_word' id='word_1_213' title='bbox 1291 3898 1347 3957; x_wconf 91' lang='grc' dir='ltr'><em>τῶν</em></span> <span class='ocrx_word' id='word_1_214' title='bbox 1370 3895 1434 3961; x_wconf 87' lang='grc' dir='ltr'><em>ἐτι-</em></span> 
     </span>
     <span class='ocr_line' id='line_1_29' title="bbox 348 3996 646 4076; baseline -0.01 -13"><span class='ocrx_word' id='word_1_215' title='bbox 348 3997 537 4076; x_wconf 78' lang='grc' dir='ltr'><em>τνρδενμοθτων</em></span> <span class='ocrx_word' id='word_1_216' title='bbox 560 3996 646 4061; x_wconf 82' lang='grc' dir='ltr'><em>ε’στθν.</em></span> 
     </span>
    </p>

    <p class='ocr_par' dir='ltr' id='par_1_13' title="bbox 348 4098 1435 4602">
     <span class='ocr_line' id='line_1_30' title="bbox 393 4098 1434 4186; baseline -0.003 -19"><span class='ocrx_word' id='word_1_217' title='bbox 393 4103 581 4184; x_wconf 90' lang='lat' dir='ltr'>Utrumque,</span> <span class='ocrx_word' id='word_1_218' title='bbox 612 4099 694 4182; x_wconf 88' lang='lat' dir='ltr'>quod</span> <span class='ocrx_word' id='word_1_219' title='bbox 724 4100 813 4163; x_wconf 82' lang='lat' dir='ltr'>uncie</span> <span class='ocrx_word' id='word_1_220' title='bbox 836 4100 966 4176; x_wconf 86' lang='lat' dir='ltr'>inclusi,</span> <span class='ocrx_word' id='word_1_221' title='bbox 988 4098 1271 4186; x_wconf 86' lang='lat' dir='ltr'>interpolamentum</span> <span class='ocrx_word' id='word_1_222' title='bbox 1295 4122 1359 4163; x_wconf 91' lang='lat' dir='ltr'>esse</span> <span class='ocrx_word' id='word_1_223' title='bbox 1381 4124 1434 4164; x_wconf 89' lang='lat' dir='ltr'><em>su-</em></span> 
     </span>
     <span class='ocr_line' id='line_1_31' title="bbox 350 4202 1435 4292; baseline -0.004 -21"><span class='ocrx_word' id='word_1_224' title='bbox 350 4208 458 4292; x_wconf 89' lang='lat' dir='ltr'>spicor.</span> <span class='ocrx_word' id='word_1_225' title='bbox 493 4204 535 4269; x_wconf 80' lang='lat' dir='ltr'><em>Et</em></span> <span class='ocrx_word' id='word_1_226' title='bbox 558 4204 643 4288; x_wconf 87' lang='lat' dir='ltr'>prius</span> <span class='ocrx_word' id='word_1_227' title='bbox 667 4203 804 4287; x_wconf 89' lang='lat' dir='ltr'>quidem,</span> <span class='ocrx_word' id='word_1_228' title='bbox 827 4204 909 4288; x_wconf 88' lang='lat' dir='ltr'>quod</span> <span class='ocrx_word' id='word_1_229' title='bbox 932 4203 1061 4279; x_wconf 79' lang='lat' dir='ltr'>Noster,</span> <span class='ocrx_word' id='word_1_230' title='bbox 1080 4209 1116 4267; x_wconf 88' lang='lat' dir='ltr'><em>ut</em></span> <span class='ocrx_word' id='word_1_231' title='bbox 1135 4202 1343 4268; x_wconf 82' lang='lat' dir='ltr'>excellentiam</span> <span class='ocrx_word' id='word_1_232' title='bbox 1363 4204 1435 4289; x_wconf 90' lang='lat' dir='ltr'>pul-</span> 
     </span>
     <span class='ocr_line' id='line_1_32' title="bbox 351 4308 1434 4395; baseline -0.001 -22"><span class='ocrx_word' id='word_1_233' title='bbox 351 4308 536 4373; x_wconf 88' lang='lat' dir='ltr'>chritudinis</span> <span class='ocrx_word' id='word_1_234' title='bbox 561 4309 793 4386; x_wconf 75' lang='lat' dir='ltr'>demonstraret,</span> <span class='ocrx_word' id='word_1_235' title='bbox 810 4309 1063 4395; x_wconf 82' lang='lat' dir='ltr'>comparationem</span> <span class='ocrx_word' id='word_1_236' title='bbox 1078 4308 1232 4388; x_wconf 81' lang='lat' dir='ltr'>instituit3</span> <span class='ocrx_word' id='word_1_237' title='bbox 1248 4332 1324 4394; x_wconf 90' lang='lat' dir='ltr'>quae</span> <span class='ocrx_word' id='word_1_238' title='bbox 1338 4330 1434 4392; x_wconf 90' lang='lat' dir='ltr'>quum</span> 
     </span>
     <span class='ocr_line' id='line_1_33' title="bbox 348 4414 1434 4497; baseline -0.001 -20"><span class='ocrx_word' id='word_1_239' title='bbox 348 4414 516 4478; x_wconf 81' lang='lat' dir='ltr'>intercedat</span> <span class='ocrx_word' id='word_1_240' title='bbox 545 4415 626 4477; x_wconf 88' lang='lat' dir='ltr'>inter</span> <span class='ocrx_word' id='word_1_241' title='bbox 655 4436 703 4491; x_wconf 89' lang='lat' dir='ltr'><em>ea,</em></span> <span class='ocrx_word' id='word_1_242' title='bbox 735 4435 811 4497; x_wconf 90' lang='lat' dir='ltr'>quae</span> <span class='ocrx_word' id='word_1_243' title='bbox 840 4414 989 4477; x_wconf 88' lang='lat' dir='ltr'>virtutum</span> <span class='ocrx_word' id='word_1_244' title='bbox 1021 4417 1094 4476; x_wconf 85' lang='lat' dir='ltr'>sunt</span> <span class='ocrx_word' id='word_1_245' title='bbox 1124 4415 1273 4497; x_wconf 83' lang='lat' dir='ltr'>expertia,</span> <span class='ocrx_word' id='word_1_246' title='bbox 1303 4433 1434 4496; x_wconf 90' lang='lat' dir='ltr'>quorum</span> 
     </span>
     <span class='ocr_line' id='line_1_34' title="bbox 349 4515 1435 4602; baseline -0.003 -20"><span class='ocrx_word' id='word_1_247' title='bbox 349 4522 450 4582; x_wconf 87' lang='lat' dir='ltr'>tamen</span> <span class='ocrx_word' id='word_1_248' title='bbox 478 4517 576 4581; x_wconf 89' lang='lat' dir='ltr'>multa</span> <span class='ocrx_word' id='word_1_249' title='bbox 606 4515 719 4581; x_wconf 89' lang='lat' dir='ltr'>honore</span> <span class='ocrx_word' id='word_1_250' title='bbox 749 4518 935 4593; x_wconf 86' lang='lat' dir='ltr'>afficiantur,</span> <span class='ocrx_word' id='word_1_251' title='bbox 965 4521 995 4581; x_wconf 89' lang='lat' dir='ltr'><em>et</em></span> <span class='ocrx_word' id='word_1_252' title='bbox 1026 4538 1076 4594; x_wconf 91' lang='lat' dir='ltr'><em>ca,</em></span> <span class='ocrx_word' id='word_1_253' title='bbox 1106 4539 1182 4600; x_wconf 88' lang='lat' dir='ltr'>quae</span> <span class='ocrx_word' id='word_1_254' title='bbox 1203 4515 1435 4602; x_wconf 85' lang='lat' dir='ltr'>pulchritudine</span> 
     </span>
    </p>
   </div>
   <div class='ocr_carea' id='block_1_12' title="bbox 0 0 1820 5450">
    <p class='ocr_par' dir='ltr' id='par_1_14' title="bbox 0 0 1820 5450">
     <span class='ocr_line' id='line_1_35' title="bbox 0 0 1820 5450; baseline 0 0"><span class='ocrx_word' id='word_1_255' title='bbox 0 0 1820 5450; x_wconf 95' lang='lat' dir='ltr'><em> </em></span> 
     </span>
    </p>
   </div>
  </div>
 </body>
</html>
