3609 5450
825 456 1002 517 ...50-

828 639 941 705 Liber
965 645 994 705 2.

348 874 351 879 ·
410 845 485 930 Gap.
509 849 559 909 lt.
583 846 682 908 “Tum
704 846 802 909 hortea
824 846 907 909 ortis
930 847 1098 929 direptione
1114 845 1299 928 perterriti?

411 950 450 1012 In
480 947 540 1012 hoc
569 949 661 1013 etiam
681 948 750 1013 loco
772 948 950 1033 trepidatur.
992 949 1074 1014 Urbs
1097 950 1234 1014 nondum
1260 953 1325 1014 erat
1355 952 1462 1035 capta,

365 1053 477 1116 nedum
506 1057 585 1116 esset
608 1052 732 1139 direpta.
774 1053 883 1137 Itaque
906 1053 1058 1117 claudicat
1080 1055 1244 1132 sententia3
1264 1077 1336 1118 nam
1356 1053 1464 1140 direp

362 1157 409 1221 tio
432 1155 592 1220 nunidem
612 1155 692 1220 valet
711 1178 745 1219 ac
764 1155 944 1242 direptionis
964 1160 1077 1232 metus,
1097 1160 1133 1218 ut
1150 1155 1322 1243 Herzogius
1344 1156 1465 1233 voluit,

365 1282 421 1324 neo
443 1259 528 1322 locus
551 1258 588 1322 ab
610 1280 645 1322 eo
668 1259 778 1323 allatus
801 1259 966 1343 quidquam
984 1261 1073 1345 juvat
1096 1258 1148 1324 lib.
1173 1265 1208 1338 l,
1232 1283 1295 1346 cap.
1320 1265 1364 1324 30
1397 1261 1463 1327 h.l.

363 1363 591 1438 “Perterritue,
614 1363 694 1446 qnod
718 1384 829 1425 omnem
847 1365 1035 1446 prouinciam
1057 1365 1222 1428 consentire
1245 1357 1465 1447 intelligeret?

366 1468 431 1532 Hic
459 1460 542 1528 ‘enim
569 1486 658 1529 cansa
687 1468 786 1529 metus
815 1467 911 1530 fuisse
934 1468 1048 1532 dieitur
1069 1490 1133 1544 res,
1155 1469 1314 1553 quaejam
1336 1470 1465 1534 accide-

364 1576 412 1635 rat
445 1567 638 1652 ejusdemque
666 1576 711 1631 re'1‘
746 1571 947 1654 experientia3
987 1575 1092 1635 nostro
1127 1576 1228 1635 autem
1260 1571 1329 1635 loco
1366 1572 1464 1658 plane

362 1673 552 1738 contrarium
574 1672 780 1758 significatur,
803 1673 922 1738 animus
946 1696 987 1738 sc.
1010 1676 1053 1739 rei
1076 1675 1212 1739 nondum
1235 1675 1353 1741 oblatae
1372 1683 1464 1744 metu

365 1773 565 1862 perturbatus.

411 1877 548 1942 Emendo
578 1877 676 1964 igitur
708 1878 823 1941 “Uatia
853 1879 1027 1962 diruptione
1038 1879 1065 1964 1)
1083 1879 1260 1963 perterritt''
1282 1904 1352 1967 pars
1376 1885 1470 1973 enim·

365 1982 445 2046 mun'
479 2005 549 2046 cum
578 1982 657 2047 turri
688 1981 904 2068 procubuerat,
927 1988 964 2047 ut
987 1985 1084 2069 capite
1106 1986 1242 2070 proxime
1264 1988 1463 2053 antecedenti

365 2088 513 2149 narratur.

386 2188 482 2274 ·Cap.
512 2191 562 2251 15.
607 2189 732 2263 “Quoct
762 2189 840 2252 uode
869 2210 959 2271 appar
988 2190 1105 2252 omnioo
1134 2191 1315 2270 comportari
1334 2201 1464 2273 poscet,

367 2291 450 2352 attat
470 2296 536 2354 eret
557 2287 732 2372 reliquom.”

412 2392 507 2457 Hunc
537 2390 639 2454 locum
670 2413 733 2454 non
766 2412 872 2454 sanum
904 2413 969 2455 esse
999 2392 1143 2470 arbitron
1166 2392 1260 2456 altera
1282 2395 1365 2458 enim
1389 2421 1463 2484 para

366 2497 452 2561 alteri
475 2517 538 2559 non
560 2495 712 2558 convenit.
758 2495 839 2558 Nam
861 2495 1001 2556 “omoioo
1018 2501 1200 2576 comportare
1218 2497 1375 2578 apperem'’
1396 2503 1464 2591 sig.

366 2602 487 2676 nificat,
517 2596 581 2661 sola
612 2597 850 2682 comportatione
880 2601 979 2679 totum
1013 2619 1151 2684 aggerem
1173 2599 1323 2684 perficere.
1358 2601 1398 2668 B.
1426 2608 1464 2672 G,

368 2709 396 2770 7.
421 2708 471 2767 28.
493 2699 553 2765 “V
549 2701 634 2779 criti,
656 2721 693 2763 oe
715 2700 832 2764 omuino
854 2722 922 2785 aper
933 2704 1038 2787 fitque
1061 2682 1243 2766 tolleretur?
1275 2702 1278 2707 ’

411 2808 447 2874 Β.
471 2808 508 2872 G.
532 2810 562 2871 6.
585 2811 636 2871 29.
665 2805 760 2883 “Sed,
782 2827 819 2868 oe
840 2806 957 2868 omnino
978 2813 1087 2869 metum
1109 2807 1225 2869 reditus
1246 2808 1297 2870 aot
1319 2807 1464 2875 tartaria

364 2908 509 2976 tolieret.''
539 2910 589 2975 Ad
613 2909 645 2973 id
665 2930 734 2974 vero
758 2906 837 2972 nihil
859 2908 1010 2993 reliquum
1030 2910 1124 2974 fuisse
1143 2910 1273 2989 dicitnr;
1293 2912 1379 2994 quod
1396 2936 1465 2980 non

365 3021 435 3102 apte
454 3014 594 3079 cohaeret
624 3036 694 3078 cum
716 3012 983 3099 praecedentibus,
1005 3013 1077 3096 quia
1100 3012 1259 3077 dicendum
1280 3020 1358 3093 erat,
1379 3023 1467 3083 “aaa

351 3121 445 3183 -aotic
467 3124 532 3182 erat
555 3113 728 3200 reliquom.''
764 3115 866 3184 Quare
888 3115 1072 3199 transposita
1095 3117 1212 3178 omnino
1235 3117 1281 3179 sie
1304 3118 1466 3207 refingen·

368 3223 426 3287 dus
458 3243 548 3284 ocus:

413 3221 535 3396 “dooct,
565 3322 644 3383 ouda
673 3340 761 3401 appar
790 3321 969 3402 comportari
994 3327 1112 3404 posset,
1144 3323 1228 3385 atto
1249 3325 1371 3408 omuino,
1393 3336 1465 3393 erat

367 3422 542 3510 reliquom.''
600 3424 620 3486 i.
651 3445 674 3486 e.
705 3420 868 3499 Materiae,
901 3444 960 3506 qna
994 3424 1031 3487 ad
1064 3425 1194 3509 priorem
1228 3448 1368 3513 aggerem
1406 3453 1463 3497 ex·

365 3530 545 3595 struendum
587 3528 635 3592 usi
675 3526 810 3602 inerant,
851 3530 938 3591 tanta
972 3528 1058 3612 copia
1092 3534 1155 3592 erat
1189 3536 1387 3616 consumpta,
1424 3540 1463 3601 ut

365 3635 491 3700 omnino
528 3630 608 3697 nihil
646 3634 826 3716 superesset,
867 3630 949 3694 unda
985 3655 1083 3696 novus
1125 3656 1215 3719 agger
1254 3641 1463 3721 comportare-

367 3743 426 3803 tur.
488 3737 647 3821 Reliquiae
680 3735 789 3821 prioris
822 3736 1029 3800 verisimiliter
1062 3736 1100 3801 ab
1133 3736 1277 3803 hostibus
1312 3739 1463 3824 disjectae

356 3842 417 3907 ⁴vel
444 3842 579 3919 abactae,
610 3844 689 3905 certe
712 3840 745 3903 in
768 3838 904 3904 hostium
927 3844 1077 3925 potestate
1100 3839 1147 3906 vel
1170 3842 1316 3907 incendio
1340 3844 1464 3914 deletae

369 3950 463 4010 erant.

414 4051 462 4114 De
484 4047 569 4123 loco,
591 4046 644 4110 ubi
663 4046 779 4108 omniuo
797 4045 911 4110 inserui
931 4044 983 4109 vid
1003 4045 1039 4110 B.
1059 4046 1094 4110 Ο.
1115 4051 1143 4110 2.
1164 4052 1204 4111 16
1224 4048 1463 4138 “Neqaequid-

369 4178 457 4239 quom
486 4152 602 4215 omniuo
632 4146 843 4232 relinquebat.''
874 4149 921 4214 cf.
952 4149 987 4215 Β.
1019 4149 1053 4214 C.
1077 4154 1106 4214 3.
1130 4156 1190 4228 69,
1220 4152 1256 4217 Β.
1280 4154 1317 4219 G.
1343 4158 1373 4220 1.
1399 4163 1464 4238 32,

367 4259 404 4322 B.
428 4258 465 4322 G.
489 4260 519 4320 1.
543 4257 595 4317 46.

404 4486 427 4544 1)
445 4485 499 4533 vid.
517 4487 602 4532 Seneca
619 4485 676 4533 Nat.
694 4482 789 4546 Qnuest.
807 4482 831 4532 2.
851 4482 888 4530 15.
923 4480 1035 4545 Diruptio
1054 4483 1185 4546 Commio.
