3609 5450
809 449 981 510 -eo-
1452 457 1492 505 .‹

351 636 469 702 monita
491 635 556 699 fieri
579 655 639 698 non
662 655 750 722 posse
769 636 858 718 puto,
880 653 937 696 nec
960 631 1033 696 satis
1053 628 1170 716 probari
1189 629 1289 694 verbis
1306 631 1447 716 conpita

350 737 638 804 saurauer.
663 739 773 802 citatis.
818 737 900 801 Nam
922 758 959 798 ue
987 737 1110 814 frustra
1129 734 1260 819 reliquos
1289 734 1311 797 i.
1330 756 1358 799 e„
1380 741 1446 798 tur-

351 864 416 906 uus
438 844 628 906 consistentes
655 847 859 925 suspectoreut
890 839 1077 917 Caesariani,
1098 839 1188 916 duas,
1209 859 1287 921 quae
1311 837 1445 904 insidias

352 948 552 1021 intraverant,
575 945 709 1031 aggressi
728 949 812 1008 erant
829 948 919 1027 atque
929 947 1114 1029 exceperant.
1145 940 1224 1012 Quis
1237 961 1311 1005 vero
1323 942 1445 1020 credat,

353 1051 482 1134 reliquas
515 1055 629 1114 turmas
659 1048 727 1114 loco
760 1049 906 1113 mansisse
938 1069 995 1110 neo
1017 1047 1090 1132 iuga
1112 1046 1264 1130 quaesisse
1288 1045 1443 1112 salutem?

352 1154 446 1218 Porro
469 1161 593 1217 “eoruu
616 1150 796 1217 turonoruu”
820 1150 857 1215 ad
880 1152 1015 1237 proxime
1031 1133 1237 1213 antecedentia
1253 1149 1446 1235 respiciunt,

352 1257 546 1341 quodetiam
569 1255 637 1319 loco
660 1278 677 1318 a
700 1278 727 1318 v.
751 1253 788 1318 cl.
812 1253 935 1317 laudato
959 1253 1083 1317 obtinet.
1117 1253 1167 1315 Ita
1189 1254 1270 1337 enim
1293 1251 1445 1339 legimus:

353 1361 435 1438 “Et,
452 1380 542 1445 quoue
564 1360 607 1422 ud
635 1380 700 1422 euru
730 1379 767 1422 eu
797 1356 955 1421 Ptessoto'u
972 1357 1152 1440 Aetolisque
1165 1356 1446 1438 tepotioeuissent,

353 1466 406 1548 qut
429 1463 585 1547 praesidio
619 1463 708 1524 misso
735 1462 963 1543 pollicerentur,
997 1483 1099 1523 eururu
1129 1460 1265 1542 peutiuru
1299 1461 1446 1524 civitates

351 1570 499 1649 imperatu
511 1562 676 1649 fecturus''
700 1564 784 1648 reliq.
821 1565 854 1628 Si
874 1564 982 1628 Caesar
1005 1585 1107 1628 omnes
1131 1564 1246 1647 equites
1267 1564 1447 1648 significare

353 1671 514 1746 voluisset,
548 1668 725 1755 pronomina
753 1667 810 1730 itte
833 1672 896 1732 erat
919 1667 1081 1746 utendum,
1106 1666 1258 1754 praecedit
1279 1667 1369 1731 enim
1394 1669 1447 1731 “iro

355 1772 436 1852 ors?
460 1793 520 1859 quo
548 1773 623 1836 duae
645 1771 713 1835 illae
734 1775 864 1848 turmae,
885 1793 961 1854 quae
980 1776 1120 1856 exceptae
1136 1775 1237 1848 erant,
1253 1750 1447 1838 indicantur.
1478 1824 1480 1829 .

305 1876 307 1880 '
399 1877 522 1963 Optime
551 1875 589 1939 cl.
619 1873 834 1938 Weissenborn
864 1875 1019 1957 notionem
1051 1875 1239 1960 pronominis
1268 1874 1301 1937 o's
1323 1875 1448 1941 intelle-

358 1982 437 2046 xisse
466 1979 542 2045 mihi
572 1978 712 2056 videtur,
733 2000 828 2063 quum
852 1978 936 2043 dicit.
971 1978 1071 2042 Gram.
1093 1979 1160 2043 Lat.
1185 1980 1202 2062 q
1221 1981 1295 2042 221.
1317 1979 1402 2045 Not.
1415 1983 1449 2046 7:

403 2083 489 2148 “Der
516 2080 720 2147 Unterschied
751 2083 846 2146 dieser
876 2082 968 2146 Pron.
994 2083 1055 2166 (tto
1076 2082 1139 2146 und
1163 2082 1220 2144 itte
1242 2102 1305 2145 von
1329 2083 1383 2168 n).
1400 2083 1449 2151 be-

358 2187 431 2253 ruht
453 2187 573 2264 darauf,
597 2187 666 2250 dasu
689 2185 764 2250 Jeme
786 2187 891 2250 immor
915 2185 1069 2250 bestimmt
1091 2186 1145 2250 auf
1165 2185 1222 2248 den
1245 2183 1451 2272 Gegenstand

357 2291 517 2376 hinneigen
541 2291 605 2354 und
628 2289 718 2354 N'ahe
740 2291 803 2352 und
826 2291 922 2353 Ferne
944 2289 978 2352 in
997 2287 1240 2375 Beuiehungaui
1253 2288 1313 2352 den
1326 2290 1451 2357 Redeu-

360 2395 419 2458 den
448 2390 744 2468 untcrscheiden‚·o's
766 2414 825 2457 nur
846 2393 935 2456 einen
957 2391 1051 2456 schon
1075 2392 1247 2456 eruahnten
1269 2393 1346 2458 oder
1359 2395 1452 2471 ‚nach

361 2519 399 2562 uu
429 2496 665 2562 bestimmenden
695 2496 815 2582 Begrifl'
840 2497 892 2560 fur
921 2497 968 2560 die
990 2495 1190 2582 Vorstellung
1212 2496 1370 2585 angiebt.''
1407 2499 1453 2565 Gt
1491 2537 1492 2542 .

361 2601 497 2688 Madvig.
521 2601 621 2664 Grau.
640 2593 749 2682 Laud
770 2603 850 2678 479,
873 2604 947 2664 480.
1166 2633 1168 2637 v
1432 2675 1434 2679 ι

404 2703 475 2791 Cap.
499 2709 551 2769 dd.
596 2707 718 2787 “Atque
740 2710 774 2767 ut
796 2705 893 2767 uostru'
910 2709 1073 2788 perpetuus
1089 2705 1270 2791 usuuo'tioues
1287 2707 1453 2788 uidebant,

274 2832 277 2835 ·
357 2804 520 2890 perdocetur
542 2829 578 2871 eu
597 2808 735 2871 castellis
757 2808 791 2871 u'u
806 2810 945 2892 prosimu
963 2809 1107 2885 eostetto,
1129 2830 1167 2872 ue
1189 2830 1245 2892 quo
1266 2809 1334 2873 loco
1352 2833 1454 2877 mn·
1491 2833 1492 2840 ¹

353 2919 461 2996 peroret
489 2912 672 2997 Poruoejouu‘
702 2918 792 2996 utque
821 2918 936 2977 nostros
958 2920 1030 2995 post
1053 2920 1166 2995 terpuue
1188 2912 1391 2979 adorirentur
1410 2917 1454 2981 ti·

187 3067 195 3084 .
240 3036 241 3039 ’
360 3018 493 3095 metunt:
517 3016 565 3078 itu
586 3016 662 3078 r'ttr‘”
684 3015 768 3100 reliq.

402 3121 442 3183 In
464 3119 513 3182 his
536 3117 723 3181 “timebunt''
742 3140 845 3181 omnes
869 3141 930 3181 uno
954 3118 1015 3181 fere
1037 3139 1186 3182 consensu
1208 3118 1350 3202 ejiciunt.
1375 3122 1454 3190 Post

357 3218 499 3284 “nostri''
523 3220 714 3284 Vascosanus
741 3226 773 3284 et
795 3219 967 3304 Stephanus
990 3226 1095 3284 contra
1119 3221 1259 3285 codicum
1281 3223 1380 3292 fidem
1403 3203 1453 3294 in-

357 3328 517 3387 scruerunt
547 3324 616 3407 qut,
649 3322 797 3385 Gruterus
831 3327 927 3387 totam
948 3323 1104 3408 periodum
1128 3324 1283 3389 delendam
1308 3332 1453 3411 censuit3

361 3428 494 3490 Faernus
524 3448 577 3511 pro
608 3421 792 3487 “uidebant''
815 3425 947 3510 oonjeq't
961 3428 1148 3511 juupetuut,
1170 3428 1361 3497 Ciacconius
1378 3455 1453 3519 per-

361 3529 520 3603 docebunt,
550 3527 786 3613 Oudendorpius
815 3528 957 3611 uersu,
978 3530 1145 3594 tuedoutur.
1191 3532 1377 3615 Sequuntur
1407 3560 1454 3603 ru·

362 3634 500 3699 entiores.
548 3632 679 3699 Heldius
714 3633 874 3718 conjunxit
911 3635 985 3718 “qui
1018 3636 1163 3698 todetuut
1191 3637 1388 3718 perductos”
1424 3626 1479 3708 ot'

361 3738 472 3801 retinet
491 3739 654 3816 ttuetuut‚
675 3760 751 3822 quae
774 3737 879 3814 verba,
902 3760 939 3802 cx
963 3741 1027 3823 ejus
1050 3740 1201 3803 sententia
1222 3761 1284 3805 rem
1309 3744 1452 3811 nondum

362 3841 523 3925 perfectam
546 3842 735 3928 significant:
759 3841 866 3905 Morus
889 3841 1036 3925 conjecit;
1059 3842 1191 3905 “Nostri
1204 3852 1377 3927 perpetuos
1387 3871 1453 3913 m-

361 3943 492 4007 uu‘to'oues
521 3945 678 4022 todetuut,
708 3945 782 4028 quio
811 3966 848 4006 ue
874 3966 930 4028 quo
955 3944 1017 4007 toro
1040 3982 1084 3995 -
1118 3944 1289 4010 timebunt.”
1314 3949 1453 4040 Herzog,

363 4053 485 4134 “Atque
514 4055 549 4110 ut
578 4050 673 4111 uostru'
701 4054 864 4131 perpetuos
896 4049 1077 4111 usuur‘tr'oues
1099 4050 1239 4113 uitetuut
1260 4088 1306 4099 —-
1329 4076 1371 4127 ue
1395 4078 1452 4142 quo

365 4151 447 4216 toco''
477 4151 561 4235 reliq.
584 4152 628 4215 ita
649 4155 685 4214 ut
708 4151 850 4214 timetout
877 4152 919 4216 sit
941 4150 1042 4235 glossa
1064 4153 1103 4217 ad
1127 4153 1344 4239 explicandum
1367 4161 1452 4225 uita·

363 4257 434 4320 tout
463 4257 587 4341 adjecta.
635 4254 838 4339 Nipperde'r'us
873 4257 995 4337 “Atque
1021 4261 1056 4318 ut
1086 4280 1104 4318 o
1140 4258 1251 4320 uostris
1278 4271 1453 4345 perpetuas
1479 4307 1487 4342 ,

364 4363 543 4425 muuu'tu‘oues
557 4360 686 4443 pudori
708 4356 871 4421 uidebunt’
893 4358 976 4442 reliq.

408 4466 520 4530 Omnes
543 4464 655 4551 igitur,
679 4466 715 4527 ut
737 4466 834 4548 patet,
859 4460 905 4528 vel
929 4461 965 4525 de
988 4484 1043 4527 suo
1062 4462 1233 4528 intulerunt
1253 4465 1301 4531 vel
1321 4471 1452 4540 verbum
